1849 3167
446 117 577 161 AOT.
610 118 677 159 II.
708 116 896 159 LIBER
926 116 1254 160 SECUNDUS.
1565 120 1652 162 287

36 249 161 276 causa
200 233 491 283 decreverunt,
534 232 696 289 equites
735 230 934 281 Romani,
975 246 1090 273 nunc
1120 231 1252 273 iidem
1281 232 1328 273 in
1358 247 1455 274 eum
1486 232 1652 289 judices

36 303 186 349 essent,
220 298 351 340 istum
383 298 473 339 sine
505 299 633 340 dubio
666 298 997 339 condemnarent
1029 297 1081 338 de
1121 312 1204 352 quo
1244 297 1389 339 literas
1429 313 1510 348 eas,
1545 314 1653 354 quae

35 364 158 406 istius
190 364 305 404 furta
337 363 589 414 indicarent,
632 368 673 404 et
706 363 759 404 ad
799 377 842 404 se
876 361 1025 403 missas
1065 367 1108 403 et
1148 377 1222 403 suo
1262 363 1430 404 decreto
1470 371 1652 406 remotas

35 430 193 471 scirent
228 444 328 470 esse.
392 428 529 474 Quem
561 429 696 484 igitur
735 428 788 469 ab
827 427 880 468 iis
919 427 1134 482 equitibus
1169 428 1388 478 Romanis,
1421 429 1496 484 qui
1530 429 1652 470 istius

35 510 160 536 causa
190 494 368 549 cupiunt
400 494 554 544 omnia,
587 494 662 549 qui
692 493 745 535 ab
776 508 824 534 eo
853 492 1161 548 benignissime
1192 494 1366 535 tractati
1397 498 1510 543 sunt,
1553 509 1650 536 con-

35 560 229 601 demnari
248 575 414 601 necesse
435 566 555 610 esset,
578 560 614 601 is
635 575 660 600 a
679 558 810 608 vobis,
829 558 1007 614 judiceS‚
1029 559 1119 600 ulla
1139 559 1184 601 vi
1205 565 1277 601 aut
1298 560 1463 601 ratione
1491 560 1653 601 absolvi

35 626 209 682 potest?
267 625 333 667 Ac
362 641 416 667 ne
447 625 556 667 forte
578 641 626 667 ea
646 640 754 680 quae
775 630 937 666 remota
958 625 1010 665 de
1030 625 1170 667 medio
1198 631 1325 681 atque
1357 631 1501 680 erepta
1530 625 1653 667 nobis

36 697 136 734 sunt
170 691 313 733 omnia
333 691 394 733 ita
416 691 588 733 condita
608 691 736 733 fuisse
758 695 884 746 atque
905 690 966 732 ita
987 691 1133 732 abdita
1153 691 1327 733 latuisse
1347 691 1576 733 videantur
1604 696 1653 732 ut

35 758 141 800 haec
162 758 401 813 diligentia,
424 773 554 813 quam
574 772 653 813 ego
674 772 698 798 a
717 772 786 798 me
807 757 1043 812 exspectari
1055 757 1240 798 maxime
1253 762 1369 813 puto,
1383 757 1495 798 nihil
1507 772 1653 798 eorum

34 823 308 879 investigare,
331 823 443 864 nihil
464 823 630 878 assequi
659 822 859 878 potuerit,
883 837 992 877 quae
1014 822 1188 864 consilio
1211 822 1353 878 aliquo
1384 828 1458 863 aut
1488 823 1653 864 ratione

34 889 485 946 inveniri-potuerunt,
508 889 686 930 inventa
707 894 819 938 sunt,
837 888 1026 944 judices3
1059 888 1295 930 manifestis
1309 888 1355 929 in
1368 889 1493 929 rebus
1514 888 1651 930 homi-

35 969 135 996 nem
160 955 252 1011 jam
281 955 420 996 teneri
450 954 662 996 videbitis.
724 954 839 995 Nam
861 955 975 1009 quod
995 954 1040 994 in
1061 954 1387 1009 publicanorum
1417 954 1553 995 causis
1584 953 1654 996 vel

34 1021 270 1077 plurimum
285 1020 435 1062 aetatis
451 1036 569 1062 meae
585 1035 729 1062 versor
744 1020 1102 1075 vehementerque
1115 1019 1239 1060 illum
1252 1019 1444 1061 ordinem
1462 1020 1650 1069 observo,

35 1087 137 1128 satis
159 1087 375 1128 commode
396 1086 505 1127 mihi
525 1086 672 1128 videor
693 1100 839 1127 eorum
860 1085 1211 1126 consuetudinem
1237 1100 1316 1126 usu
1349 1086 1653 1140 tractandoque

34 1167 248 1207 cognosse.

92 1217 301 1258 LXXIV.
334 1217 488 1272 Itaque
508 1221 558 1257 ut
577 1216 658 1258 hoc
689 1216 877 1272 comperi
908 1220 1092 1257 remotas
1124 1230 1211 1257 esse
1247 1215 1395 1257 literas
1427 1215 1651 1265 societatis,

34 1282 166 1324 habui
197 1282 408 1323 rationem
447 1297 593 1323 eorum
626 1297 837 1323 annorum
872 1296 946 1337 per
981 1296 1085 1336 quos
1117 1280 1197 1322 iste
1231 1281 1278 1321 in
1305 1280 1450 1322 Sicilia
1478 1281 1651 1323 fuisset:

34 1348 187 1389 deinde
219 1346 422 1403 quaesivi,
451 1347 565 1403 quod
590 1352 681 1389 erat
711 1347 890 1389 inventu
916 1346 1182 1396 facillimum,
1210 1347 1285 1402 qui
1314 1362 1391 1402 per
1421 1362 1490 1388 eos
1520 1362 1653 1389 annos

33 1413 231 1469 magistri
250 1413 367 1454 illius
388 1413 600 1455 societatis
622 1413 802 1455 fuissent
823 1413 937 1468 apud
958 1428 1062 1468 quos
1085 1412 1254 1454 tabulae
1285 1412 1477 1454 fuissent.
1539 1413 1653 1455 Scie-

32 1479 133 1521 bam
162 1479 278 1521 enim
307 1479 418 1520 hanc
448 1479 752 1534 magistrorum
782 1479 856 1534 qui
886 1478 1053 1520 tabulas
1072 1478 1281 1520 haberent
1302 1479 1653 1520 consuetudinem

34 1560 122 1586 esse
142 1550 203 1595 ut,
227 1560 360 1600 quum
379 1545 546 1587 tabulas
566 1560 676 1587 novo
697 1545 905 1600 magistro
937 1545 1168 1594 traderent,
1203 1544 1399 1599 exempla
1429 1544 1652 1586 literarum

33 1610 117 1665 ipsi
137 1611 293 1652 habere
313 1625 400 1652 non
420 1610 596 1652 nollent.
649 1611 804 1666 Itaque
824 1610 879 1652 ad
899 1610 948 1651 L.
971 1609 1162 1660 Vibium,
1186 1610 1372 1665 equitem
1394 1609 1650 1660 Romanum,

33 1676 176 1717 virum
196 1675 461 1731 primarium,
484 1691 612 1731 quem
632 1676 896 1731 reperiebam
915 1675 1172 1730 magistrum
1193 1675 1321 1717 fuisse
1343 1691 1390 1717 eo
1412 1675 1502 1730 ipso
1524 1690 1649 1725 anno,

35 1741 110 1796 qui
148 1741 258 1782 mihi
296 1741 483 1782 maxime
523 1742 789 1796 quaerendus
819 1746 923 1790 erat,
955 1741 1143 1796 primum
1172 1740 1283 1782 veni.
1346 1740 1455 1781 Sane
1485 1740 1651 1782 homini

34 1811 204 1862 praeter
234 1805 479 1862 opinionem
507 1805 739 1861 improviso
779 1806 924 1847 incidi.
986 1805 1208 1847 Scrutatus
1237 1821 1332 1847 sum
1367 1820 1474 1860 quae
1514 1807 1647 1860 potui,

863 1904 924 1944 Lg.
942 1905 984 1935 29
1006 1903 1075 1939 has,
1099 1903 1164 1933 and
1188 1903 1318 1933 Iordan.
1366 1902 1433 1933 But
1456 1913 1504 1933 we
1528 1906 1648 1935 cannot

863 1950 976 1987 aeeept
1004 1947 1042 1977 it.
1087 1946 1156 1976 The
1183 1947 1289 1985 origin
1314 1946 1351 1975 of
1373 1946 1429 1976 the
1456 1946 1594 1977 blunder
1621 1947 1648 1977 is

863 1990 1020 2031 palpable.
1069 1989 1267 2029 Wesenberg
1290 1999 1407 2029 argues
1428 1989 1461 2019 in
1477 1990 1592 2020 favour
1615 1992 1647 2021 ot

864 2034 957 2064 ‘vim'

77 1907 113 1937 in
136 1917 206 1937 eum
220 1906 353 1948 judiees
377 1904 509 1946 essent‚]
558 1904 574 1935 Ι
596 1904 664 1935 find
687 1915 729 1934 no
745 1904 817 1935 MS.

34 1951 213 1982 variations
236 1949 346 1980 noted.
391 1949 460 1979 The
476 1951 548 1980 text
571 1948 597 1979 is
612 1948 817 1988 intelligible.

37 1994 96 2025 See
112 1995 186 2024 Aet.
203 1994 236 2024 ii.
254 1993 326 2023 Lib.
343 1994 373 2023 1.
391 2003 417 2022 (·.
434 1992 465 2024 7.

80 2038 136 2077 qui
153 2060 159 2067 .
178 2060 185 2067 .
201 2037 337 2077 eupiunt
353 2035 426 2077 ᾦα]
475 2035 509 2066 It
525 2035 632 2065 would
652 2035 691 2065 be
708 2045 726 2065 a
742 2035 817 2064 mis-

34 2080 113 2112 take
129 2083 164 2111 to
180 2080 275 2110 make
291 2091 310 2110 a
325 2079 432 2110 litei-al
449 2079 513 2109 and
532 2079 604 2109 stin·
622 2078 818 2109 translation

35 2124 73 2155 of
91 2135 132 2154 an
156 2123 339 2164 expression
362 2122 469 2153 which
493 2122 519 2152 is
542 2121 710 2152 borrowed
734 2122 815 2152 froin

34 2168 93 2198 the
123 2167 224 2209 polite
254 2166 412 2197 formulae
437 2166 474 2196 of
500 2176 647 2196 common
678 2165 753 2201 life;
784 2175 818 2195 as

34 2221 83 2242 we
106 2221 157 2242 see
180 2211 264 2241 from
289 2210 427 2246 Horace,
453 2210 471 2239 1
495 2210 563 2239 Sat.
580 2209 623 2238 ix.
647 2209 677 2245 5,
703 2212 723 2225 “
737 2209 816 2238 Sua-

32 2254 120 2285 viter
138 2256 177 2285 ut
201 2264 288 2284 nunc
313 2256 362 2284 est
380 2276 386 2283 .
405 2276 412 2283 .
429 2256 462 2283 et
487 2252 581 2292 cupio
604 2252 711 2281 onmia
735 2262 816 2291 quae

32 2297 114 2328 w’sss'
161 2298 220 2328 Scc
245 2296 435 2327 Heindorf's
457 2298 544 2326 note.
590 2295 729 2325 Creuzer
753 2295 817 2324 and

34 2340 144 2371 Moser
167 2343 265 2381 quote
289 2340 384 2370 other
407 2339 568 2379 examples
592 2338 673 2368 from
691 2338 815 2374 Cicero,

34 2384 87 2414 Ad
104 2384 194 2414 Fam.
211 2394 240 2413 x.
259 2384 319 2419 19;
343 2383 409 2413 xiii.
425 2383 456 2417 6,
473 2383 526 2417 Gi,
544 2381 607 2411 and
624 2381 676 2413 75.

77 2427 150 2457 vlla
166 2426 214 2467 ri]
262 2426 330 2456 The
353 2426 406 2456 old
430 2425 566 2464 reading
589 2425 614 2454 is
639 2423 747 2454 ‘nulla
763 2423 815 2454 vi’

33 2470 176 2500 without
199 2480 240 2499 an
261 2469 510 2507 interrogation.
557 2467 726 2498 Hotmann
750 2478 815 2497 snw

33 2513 92 2544 the
117 2513 291 2543 feebleness
316 2513 353 2542 of
379 2512 455 2547 this,
481 2511 545 2541 nnd
572 2511 612 2540 he
638 2510 731 2540 made
758 2510 815 2541 the

35 2556 242 2587 emendation
268 2555 374 2591 ‘ulla‚’
396 2555 502 2584 which
524 2555 550 2583 is
573 2553 750 2584 confirmed
772 2553 814 2594 hy

34 2600 91 2630 the
109 2599 203 2629 MSS.
219 2599 306 2629 since
327 2597 475 2628 collated.
522 2597 641 2627 Iordnn
665 2607 736 2637 says
759 2607 814 2627 no-

33 2643 132 2681 thing
162 2642 262 2672 about
294 2641 402 2671 ‘nlla.'
463 2640 593 2670 Ernesti
625 2640 719 2670 eould
756 2643 814 2671 not

33 2685 236 2716 understand
251 2685 323 2714 how
341 2688 348 2701 ‘
360 2684 407 2714 vis
417 2683 425 2696 '
450 2684 544 2713 could
559 2683 598 2713 he
614 2683 692 2714 used
707 2683 740 2713 in
757 2683 813 2715 the

34 2728 195 2769 aequittal
210 2728 247 2758 of
260 2727 395 2763 Verres3
419 2727 479 2757 but
497 2727 615 2767 Zumpt
627 2726 770 2767 explains
786 2727 813 2758 it

32 2772 76 2812 by
109 2775 202 2812 ‘opes
231 2770 513 2805 adversariorum‚’
549 2769 613 2800 and
642 2770 812 2811 eorreetly.

34 2815 81 2845 To
97 2824 225 2845 remove
241 2814 298 2844 the
314 2813 471 2854 supposed
494 2813 664 2854 difficulty,
682 2813 811 2844 Ernesti

33 2858 180 2899 thought
202 2857 278 2888 that
294 2867 341 2888 wc
356 2856 472 2888 should
487 2856 581 2887 write
598 2859 606 2873 ‘
616 2856 690 2894 viu‚'
707 2856 812 2888 which

906 2079 941 2107 vl
966 2077 1045 2106 haec·
1068 2075 1252 2115 diliyentia,
1281 2074 1354 2116 Sne]
1402 2075 1470 2106 The
1497 2086 1645 2107 common

862 2121 998 2159 reading
1014 2120 1039 2149 is
1057 2123 1065 2136 ‘
1076 2123 1113 2150 ut
1130 2120 1190 2149 hae
1205 2119 1376 2158 diligentia
1391 2142 1397 2149 .
1412 2142 1419 2149 .
1434 2142 1440 2149 .
1454 2119 1645 2159 investigari

861 2163 1030 2203 -ussequi
1043 2163 1061 2197 ;¹
1087 2163 1151 2193 und
1168 2173 1185 2193 a
1202 2162 1316 2192 render
1332 2163 1357 2192 is
1374 2163 1486 2193 rather
1503 2163 1644 2194 inclined

862 2209 897 2237 to
913 2210 1025 2247 expect
1048 2210 1056 2223 ‘
1068 2206 1127 2236 hae
1144 2206 1336 2245 diligentia)
1362 2206 1427 2236 But
1445 2206 1525 2236 then
1543 2211 1550 2223 ‘
1562 2218 1644 2238 assc-

862 2251 916 2290 qui
930 2251 936 2262 '
953 2252 1041 2280 must
1057 2249 1138 2280 have
1151 2260 1168 2280 a
1185 2249 1308 2289 passivo
1323 2260 1432 2285 sense;
1449 2250 1513 2280 and
1530 2250 1555 2280 it
1569 2250 1644 2281 does

862 2296 919 2324 not
943 2304 1061 2333 appear
1084 2293 1159 2323 that
1183 2303 1224 2323 nn
1243 2293 1388 2333 example
1405 2303 1464 2323 ean
1488 2293 1526 2323 he
1543 2294 1643 2324 found

862 2337 1022 2377 (Zumpt).
1083 2336 1143 2376 Lg.
1175 2338 1217 2366 42
1247 2347 1278 2376 p.
1305 2347 1348 2366 m.
1374 2336 1431 2366 has
1459 2341 1466 2353 ‘
1478 2336 1579 2371 haee)
1607 2348 1643 2367 or

860 2380 973 2410 rather
990 2384 998 2396 ‘
1011 2379 1092 2410 hee)
1137 2379 1205 2410 The
1221 2379 1316 2409 other
1332 2380 1424 2410 codd.
1442 2380 1523 2410 have
1540 2386 1547 2396 ‘
1560 2381 1642 2411 hnc!

904 2423 956 2455 7⁴11.
981 2423 1071 2463 apud
1087 2422 1182 2464 quos]
1217 2426 1271 2453 ‘et
1295 2423 1380 2463 apud
1404 2423 1501 2463 quos'
1523 2423 1583 2463 Lg.
1600 2426 1642 2455 :39

860 2467 888 2496 A
916 2467 1006 2497 lkss·
1020 2467 1103 2497 hane
1122 2490 1128 2496 .
1147 2489 1154 2496 .
1172 2490 1179 2496 .
1196 2467 1463 2497 eonsuetudiiiem
1479 2467 1497 2496 :³
1529 2467 1642 2497 Cicero

859 2520 931 2550 says
953 2514 961 2527 ‘
974 2510 1227 2549 nmgistroruin,'
1244 2510 1308 2540 and
1324 2510 1402 2540 adds
1421 2515 1427 2526 ‘
1441 2510 1496 2550 qui
1513 2510 1641 2540 tabulas

859 2553 1039 2589 linl›ere11t‚³
1057 2553 1162 2583 which
1179 2553 1236 2583 has
1252 2553 1309 2583 the.
1324 2563 1414 2583 sense
1430 2554 1518 2583 osan
1535 2554 1640 2593 auljec-

858 2597 936 2627 tive.
981 2597 1176 2636 Altogether
1194 2597 1234 2626 he
1250 2607 1332 2637 5:15⁸,
1358 2602 1364 2613 ¹
1382 2597 1394 2626 Ι
1413 2596 1505 2626 knew
1523 2597 1589 2627 this
1606 2600 1641 2627 to

859 2639 898 2671 be
914 2640 971 2671 the
986 2640 1130 2680 practice
1145 2640 1182 2670 of
1195 2640 1251 2670 the
1267 2639 1522 2680 book-keepers.’
1564 2640 1594 2670 lt
1614 2641 1639 2670 is

858 2694 918 2714 onc
942 2684 979 2713 of
1002 2683 1058 2714 the.
1085 2683 1210 2713 Roman
1236 2683 1457 2723 generalizing
1481 2683 1581 2712 forms
1606 2684 1643 2713 of

857 2727 1050 2767 expression,
1077 2727 1142 2757 like
1171 2732 1178 2743 ⁸
1189 2727 1243 2766 qui
1270 2737 1382 2766 operas
1405 2726 1498 2756 daret
1512 2726 1519 2738 '
1547 2726 1579 2756 in
1611 2737 1638 2758 e.

856 2769 909 2806 72,
922 2770 986 2800 and
998 2770 1031 2800 in
1041 2770 1098 2800 the
1109 2770 1235 2800 oration
1249 2770 1311 2799 Pro
1323 2770 1382 2800 Cn.
1394 2769 1536 2806 l'lnneio,
1548 2780 1574 2800 e.
1587 2770 1627 2802 27

900 2813 1067 2854 exempla]
1092 2817 1101 2830 ‘
1111 2813 1293 2853 copios.'—‘
1303 2815 1337 2843 et
1349 2813 1492 2853 quaesivi
1502 2813 1635 2843 munia?

857 2859 867 2874 ‘
877 2859 911 2888 et
927 2867 1008 2898 quae
1024 2857 1091 2887 vidi
1106 2856 1214 2888 omnia
1225 2856 1233 2869 '
1251 2856 1312 2897 Lg.
1328 2858 1370 2886 42
1386 2867 1417 2897 p.
1433 2866 1477 2886 iu.
