<?xml version="1.0" encoding="UTF-8"?>
<!DOCTYPE html PUBLIC "-//W3C//DTD XHTML 1.0 Transitional//EN"
    "http://www.w3.org/TR/xhtml1/DTD/xhtml1-transitional.dtd">
<html xmlns="http://www.w3.org/1999/xhtml" xml:lang="en" lang="en">
 <head>
  <title>
</title>
<meta http-equiv="Content-Type" content="text/html;charset=utf-8" />
  <meta name='ocr-system' content='tesseract 3.04.00' />
  <meta name='ocr-capabilities' content='ocr_page ocr_carea ocr_par ocr_line ocrx_word'/>
</head>
<body>
  <div class='ocr_page' id='page_1' title='image "./orationeswithcom01ciceuoft_0634.png"; bbox 0 0 1849 3167; ppageno 0'>
   <div class='ocr_carea' id='block_1_1' title="bbox 153 109 1170 161">
    <p class='ocr_par' dir='ltr' id='par_1_1' title="bbox 153 109 1170 161">
     <span class='ocr_line' id='line_1_1' title="bbox 153 109 1170 161; baseline -0.004 -6"><span class='ocrx_word' id='word_1_1' title='bbox 153 113 237 161; x_wconf 82' lang='grc'>614</span> <span class='ocrx_word' id='word_1_2' title='bbox 735 109 804 153; x_wconf 86' lang='lat' dir='ltr'>IN</span> <span class='ocrx_word' id='word_1_3' title='bbox 835 109 881 152; x_wconf 81' lang='lat' dir='ltr'>O.</span> <span class='ocrx_word' id='word_1_4' title='bbox 913 109 1170 152; x_wconf 84' lang='lat' dir='ltr'><strong>VERREM</strong></span> 
     </span>
    </p>
   </div>
   <div class='ocr_carea' id='block_1_2' title="bbox 155 222 1775 2365">
    <p class='ocr_par' dir='ltr' id='par_1_2' title="bbox 155 222 1775 2365">
     <span class='ocr_line' id='line_1_2' title="bbox 155 222 1752 280; baseline -0.003 -12"><span class='ocrx_word' id='word_1_5' title='bbox 155 226 316 268; x_wconf 84' lang='lat' dir='ltr'>veritus</span> <span class='ocrx_word' id='word_1_6' title='bbox 333 228 439 266; x_wconf 89' lang='lat' dir='ltr'>essct</span> <span class='ocrx_word' id='word_1_7' title='bbox 460 239 513 265; x_wconf 92' lang='lat' dir='ltr'>ne</span> <span class='ocrx_word' id='word_1_8' title='bbox 534 223 613 266; x_wconf 87' lang='lat' dir='ltr'>istc</span> <span class='ocrx_word' id='word_1_9' title='bbox 633 223 800 280; x_wconf 82' lang='lat' dir='ltr'>legibus</span> <span class='ocrx_word' id='word_1_10' title='bbox 821 229 862 266; x_wconf 88' lang='lat' dir='ltr'>ct</span> <span class='ocrx_word' id='word_1_11' title='bbox 877 228 1017 265; x_wconf 85' lang='lat' dir='ltr'>vestro</span> <span class='ocrx_word' id='word_1_12' title='bbox 1033 222 1196 279; x_wconf 89' lang='lat' dir='ltr'>judicio</span> <span class='ocrx_word' id='word_1_13' title='bbox 1216 237 1302 264; x_wconf 90' lang='lat' dir='ltr'>non</span> <span class='ocrx_word' id='word_1_14' title='bbox 1324 228 1430 265; x_wconf 90' lang='lat' dir='ltr'>esset</span> <span class='ocrx_word' id='word_1_15' title='bbox 1450 223 1752 279; x_wconf 86' lang='lat' dir='ltr'>persoluturus.</span> 
     </span>
     <span class='ocr_line' id='line_1_3' title="bbox 156 288 1755 345; baseline -0.002 -13"><span class='ocrx_word' id='word_1_16' title='bbox 156 292 283 334; x_wconf 89' lang='lat' dir='ltr'>Nunc</span> <span class='ocrx_word' id='word_1_17' title='bbox 314 289 515 345; x_wconf 84' lang='lat' dir='ltr'>quoniam</span> <span class='ocrx_word' id='word_1_18' title='bbox 540 289 806 344; x_wconf 79' lang='lat' dir='ltr'>exploratum</span> <span class='ocrx_word' id='word_1_19' title='bbox 834 294 896 330; x_wconf 88' lang='lat' dir='ltr'>cst</span> <span class='ocrx_word' id='word_1_20' title='bbox 923 289 1118 330; x_wconf 83' lang='lat' dir='ltr'>omnibus</span> <span class='ocrx_word' id='word_1_21' title='bbox 1143 304 1225 343; x_wconf 92' lang='lat' dir='ltr'>quo</span> <span class='ocrx_word' id='word_1_22' title='bbox 1252 288 1343 330; x_wconf 91' lang='lat' dir='ltr'>loco</span> <span class='ocrx_word' id='word_1_23' title='bbox 1368 304 1492 330; x_wconf 85' lang='lat' dir='ltr'>causa</span> <span class='ocrx_word' id='word_1_24' title='bbox 1523 295 1597 330; x_wconf 88' lang='lat' dir='ltr'>tua</span> <span class='ocrx_word' id='word_1_25' title='bbox 1627 289 1683 330; x_wconf 83' lang='lat' dir='ltr'>sit</span> <span class='ocrx_word' id='word_1_26' title='bbox 1712 293 1755 329; x_wconf 86' lang='lat' dir='ltr'>et</span> 
     </span>
     <span class='ocr_line' id='line_1_4' title="bbox 156 353 1756 411; baseline -0.002 -14"><span class='ocrx_word' id='word_1_27' title='bbox 156 356 260 411; x_wconf 85' lang='lat' dir='ltr'>quid</span> <span class='ocrx_word' id='word_1_28' title='bbox 290 356 342 397; x_wconf 88' lang='lat' dir='ltr'>de</span> <span class='ocrx_word' id='word_1_29' title='bbox 372 360 415 397; x_wconf 92' lang='lat' dir='ltr'>te</span> <span class='ocrx_word' id='word_1_30' title='bbox 446 355 638 396; x_wconf 85' lang='lat' dir='ltr'>futurum</span> <span class='ocrx_word' id='word_1_31' title='bbox 668 355 734 405; x_wconf 89' lang='lat' dir='ltr'>sit,</span> <span class='ocrx_word' id='word_1_32' title='bbox 768 355 826 396; x_wconf 91' lang='lat' dir='ltr'>sic</span> <span class='ocrx_word' id='word_1_33' title='bbox 859 360 999 395; x_wconf 89' lang='lat' dir='ltr'>tecum</span> <span class='ocrx_word' id='word_1_34' title='bbox 1034 369 1172 409; x_wconf 81' lang='lat' dir='ltr'>agam.</span> <span class='ocrx_word' id='word_1_35' title='bbox 1235 353 1421 395; x_wconf 78' lang='lat' dir='ltr'>Gavium</span> <span class='ocrx_word' id='word_1_36' title='bbox 1455 354 1596 404; x_wconf 88' lang='lat' dir='ltr'>istum,</span> <span class='ocrx_word' id='word_1_37' title='bbox 1629 369 1756 409; x_wconf 90' lang='lat' dir='ltr'>quem</span> 
     </span>
     <span class='ocr_line' id='line_1_5' title="bbox 156 419 1754 476; baseline -0.002 -14"><span class='ocrx_word' id='word_1_38' title='bbox 156 421 427 476; x_wconf 88' lang='lat' dir='ltr'>repentinum</span> <span class='ocrx_word' id='word_1_39' title='bbox 456 420 758 475; x_wconf 78' lang='lat' dir='ltr'>speculatorem</span> <span class='ocrx_word' id='word_1_40' title='bbox 781 420 908 461; x_wconf 84' lang='lat' dir='ltr'>fuisse</span> <span class='ocrx_word' id='word_1_41' title='bbox 929 419 1046 468; x_wconf 88' lang='lat' dir='ltr'>dicis,</span> <span class='ocrx_word' id='word_1_42' title='bbox 1070 419 1289 460; x_wconf 87' lang='lat' dir='ltr'>ostendam</span> <span class='ocrx_word' id='word_1_43' title='bbox 1313 419 1359 460; x_wconf 92' lang='lat' dir='ltr'>in</span> <span class='ocrx_word' id='word_1_44' title='bbox 1379 419 1608 461; x_wconf 79' lang='lat' dir='ltr'>lautumias</span> <span class='ocrx_word' id='word_1_45' title='bbox 1629 420 1754 474; x_wconf 76' lang='lat' dir='ltr'>Syra-</span> 
     </span>
     <span class='ocr_line' id='line_1_6' title="bbox 158 484 1757 541; baseline -0.002 -13"><span class='ocrx_word' id='word_1_46' title='bbox 158 486 267 528; x_wconf 81' lang='lat' dir='ltr'>cusis</span> <span class='ocrx_word' id='word_1_47' title='bbox 308 501 332 527; x_wconf 87' lang='lat' dir='ltr'>a</span> <span class='ocrx_word' id='word_1_48' title='bbox 364 491 406 527; x_wconf 86' lang='lat' dir='ltr'>te</span> <span class='ocrx_word' id='word_1_49' title='bbox 439 501 527 527; x_wconf 88' lang='lat' dir='ltr'>esse</span> <span class='ocrx_word' id='word_1_50' title='bbox 559 486 809 541; x_wconf 86' lang='lat' dir='ltr'>conjectum,</span> <span class='ocrx_word' id='word_1_51' title='bbox 847 501 983 541; x_wconf 87' lang='lat' dir='ltr'>neque</span> <span class='ocrx_word' id='word_1_52' title='bbox 1023 484 1068 525; x_wconf 91' lang='lat' dir='ltr'>id</span> <span class='ocrx_word' id='word_1_53' title='bbox 1107 484 1243 526; x_wconf 88' lang='lat' dir='ltr'>solum</span> <span class='ocrx_word' id='word_1_54' title='bbox 1275 499 1329 525; x_wconf 81' lang='lat' dir='ltr'>ex</span> <span class='ocrx_word' id='word_1_55' title='bbox 1367 484 1503 526; x_wconf 89' lang='lat' dir='ltr'>literis</span> <span class='ocrx_word' id='word_1_56' title='bbox 1538 485 1757 526; x_wconf 85' lang='lat' dir='ltr'>ostendam</span> 
     </span>
     <span class='ocr_line' id='line_1_7' title="bbox 159 549 1758 607; baseline -0.002 -15"><span class='ocrx_word' id='word_1_57' title='bbox 159 552 533 607; x_wconf 68' lang='lat' dir='ltr'>Syracusanorum,</span> <span class='ocrx_word' id='word_1_58' title='bbox 568 566 621 591; x_wconf 89' lang='lat' dir='ltr'>nc</span> <span class='ocrx_word' id='word_1_59' title='bbox 661 551 792 605; x_wconf 79' lang='lat' dir='ltr'>possis</span> <span class='ocrx_word' id='word_1_60' title='bbox 833 550 971 592; x_wconf 89' lang='lat' dir='ltr'>dicere</span> <span class='ocrx_word' id='word_1_61' title='bbox 1007 565 1086 599; x_wconf 86' lang='lat' dir='ltr'>me,</span> <span class='ocrx_word' id='word_1_62' title='bbox 1122 549 1222 604; x_wconf 86' lang='lat' dir='ltr'>quia</span> <span class='ocrx_word' id='word_1_63' title='bbox 1262 549 1317 590; x_wconf 89' lang='lat' dir='ltr'>sit</span> <span class='ocrx_word' id='word_1_64' title='bbox 1358 549 1511 605; x_wconf 85' lang='lat' dir='ltr'>aliquis</span> <span class='ocrx_word' id='word_1_65' title='bbox 1542 549 1589 590; x_wconf 88' lang='lat' dir='ltr'>in</span> <span class='ocrx_word' id='word_1_66' title='bbox 1622 549 1758 590; x_wconf 88' lang='lat' dir='ltr'>literis</span> 
     </span>
     <span class='ocr_line' id='line_1_8' title="bbox 160 614 1759 671; baseline -0.003 -13"><span class='ocrx_word' id='word_1_67' title='bbox 160 616 335 667; x_wconf 80' lang='lat' dir='ltr'>Gavius,</span> <span class='ocrx_word' id='word_1_68' title='bbox 357 616 437 658; x_wconf 93' lang='grc'>1100</span> <span class='ocrx_word' id='word_1_69' title='bbox 467 616 628 671; x_wconf 86' lang='lat' dir='ltr'>fingere</span> <span class='ocrx_word' id='word_1_70' title='bbox 659 621 701 657; x_wconf 92' lang='lat' dir='ltr'>et</span> <span class='ocrx_word' id='word_1_71' title='bbox 732 616 889 671; x_wconf 81' lang='lat' dir='ltr'>eligere</span> <span class='ocrx_word' id='word_1_72' title='bbox 919 631 1087 665; x_wconf 90' lang='lat' dir='ltr'>nomen,</span> <span class='ocrx_word' id='word_1_73' title='bbox 1110 620 1158 655; x_wconf 91' lang='lat' dir='ltr'>ut</span> <span class='ocrx_word' id='word_1_74' title='bbox 1189 614 1303 655; x_wconf 88' lang='grc'>1111110</span> <span class='ocrx_word' id='word_1_75' title='bbox 1333 614 1455 656; x_wconf 89' lang='grc'>11111111</span> <span class='ocrx_word' id='word_1_76' title='bbox 1485 630 1572 656; x_wconf 87' lang='grc'>0550</span> <span class='ocrx_word' id='word_1_77' title='bbox 1601 614 1759 670; x_wconf 90' lang='lat' dir='ltr'>possim</span> 
     </span>
     <span class='ocr_line' id='line_1_9' title="bbox 159 680 1757 735; baseline -0.001 -12"><span class='ocrx_word' id='word_1_78' title='bbox 159 682 323 732; x_wconf 83' lang='lat' dir='ltr'>dicere3</span> <span class='ocrx_word' id='word_1_79' title='bbox 356 682 428 723; x_wconf 87' lang='lat' dir='ltr'>sed</span> <span class='ocrx_word' id='word_1_80' title='bbox 456 682 509 722; x_wconf 83' lang='lat' dir='ltr'>ad</span> <span class='ocrx_word' id='word_1_81' title='bbox 537 681 762 722; x_wconf 77' lang='lat' dir='ltr'>arbitrium</span> <span class='ocrx_word' id='word_1_82' title='bbox 791 686 914 722; x_wconf 90' lang='lat' dir='ltr'>tuum</span> <span class='ocrx_word' id='word_1_83' title='bbox 943 686 1071 722; x_wconf 90' lang='lat' dir='ltr'>testes</span> <span class='ocrx_word' id='word_1_84' title='bbox 1098 681 1206 721; x_wconf 83' lang='lat' dir='ltr'>dabo</span> <span class='ocrx_word' id='word_1_85' title='bbox 1227 680 1301 735; x_wconf 87' lang='lat' dir='ltr'>qui</span> <span class='ocrx_word' id='word_1_86' title='bbox 1320 680 1451 722; x_wconf 88' lang='lat' dir='ltr'>istum</span> <span class='ocrx_word' id='word_1_87' title='bbox 1470 680 1610 735; x_wconf 85' lang='lat' dir='ltr'>ipsum</span> <span class='ocrx_word' id='word_1_88' title='bbox 1631 680 1757 735; x_wconf 81' lang='lat' dir='ltr'>Syra-</span> 
     </span>
     <span class='ocr_line' id='line_1_10' title="bbox 160 744 1761 802; baseline -0.001 -14"><span class='ocrx_word' id='word_1_89' title='bbox 160 748 270 789; x_wconf 88' lang='lat' dir='ltr'>cusis</span> <span class='ocrx_word' id='word_1_90' title='bbox 292 748 365 788; x_wconf 85' lang='lat' dir='ltr'>abs</span> <span class='ocrx_word' id='word_1_91' title='bbox 385 752 427 787; x_wconf 91' lang='lat' dir='ltr'>te</span> <span class='ocrx_word' id='word_1_92' title='bbox 449 746 495 786; x_wconf 89' lang='lat' dir='ltr'>in</span> <span class='ocrx_word' id='word_1_93' title='bbox 522 746 749 788; x_wconf 74' lang='lat' dir='ltr'>lautumias</span> <span class='ocrx_word' id='word_1_94' title='bbox 771 746 1010 802; x_wconf 87' lang='lat' dir='ltr'>conjectum</span> <span class='ocrx_word' id='word_1_95' title='bbox 1036 761 1122 787; x_wconf 89' lang='lat' dir='ltr'>esse</span> <span class='ocrx_word' id='word_1_96' title='bbox 1150 746 1305 786; x_wconf 90' lang='lat' dir='ltr'>dicant.</span> <span class='ocrx_word' id='word_1_97' title='bbox 1367 746 1605 787; x_wconf 85' lang='lat' dir='ltr'>Producam</span> <span class='ocrx_word' id='word_1_98' title='bbox 1631 744 1761 786; x_wconf 80' lang='lat' dir='ltr'>etiam</span> 
     </span>
     <span class='ocr_line' id='line_1_11' title="bbox 161 810 1759 866; baseline -0.001 -13"><span class='ocrx_word' id='word_1_99' title='bbox 161 813 386 861; x_wconf 82' lang='lat' dir='ltr'>Consanos,</span> <span class='ocrx_word' id='word_1_100' title='bbox 409 810 643 866; x_wconf 88' lang='lat' dir='ltr'>municipes</span> <span class='ocrx_word' id='word_1_101' title='bbox 663 811 780 852; x_wconf 89' lang='lat' dir='ltr'>illius</span> <span class='ocrx_word' id='word_1_102' title='bbox 801 826 848 852; x_wconf 88' lang='lat' dir='ltr'>ac</span> <span class='ocrx_word' id='word_1_103' title='bbox 868 811 1134 860; x_wconf 88' lang='lat' dir='ltr'>necessarios,</span> <span class='ocrx_word' id='word_1_104' title='bbox 1159 810 1233 866; x_wconf 91' lang='lat' dir='ltr'>qui</span> <span class='ocrx_word' id='word_1_105' title='bbox 1259 816 1302 852; x_wconf 88' lang='lat' dir='ltr'>te</span> <span class='ocrx_word' id='word_1_106' title='bbox 1322 826 1436 852; x_wconf 89' lang='lat' dir='ltr'>nunc</span> <span class='ocrx_word' id='word_1_107' title='bbox 1456 826 1547 852; x_wconf 88' lang='lat' dir='ltr'>sero</span> <span class='ocrx_word' id='word_1_108' title='bbox 1568 810 1759 860; x_wconf 82' lang='lat' dir='ltr'>doceant,</span> 
     </span>
     <span class='ocr_line' id='line_1_12' title="bbox 156 875 1762 933; baseline -0.002 -15"><span class='ocrx_word' id='word_1_109' title='bbox 156 878 320 933; x_wconf 90' lang='lat' dir='ltr'>judices</span> <span class='ocrx_word' id='word_1_110' title='bbox 340 891 426 917; x_wconf 90' lang='lat' dir='ltr'>non</span> <span class='ocrx_word' id='word_1_111' title='bbox 447 891 549 926; x_wconf 91' lang='lat' dir='ltr'>sero,</span> <span class='ocrx_word' id='word_1_112' title='bbox 572 875 696 916; x_wconf 89' lang='lat' dir='ltr'>illum</span> <span class='ocrx_word' id='word_1_113' title='bbox 717 876 766 916; x_wconf 90' lang='lat' dir='ltr'>P.</span> <span class='ocrx_word' id='word_1_114' title='bbox 790 875 975 917; x_wconf 80' lang='lat' dir='ltr'>Gavium</span> <span class='ocrx_word' id='word_1_115' title='bbox 996 876 1191 931; x_wconf 62' lang='lat' dir='ltr'>quem&#39;tu</span> <span class='ocrx_word' id='word_1_116' title='bbox 1211 876 1257 917; x_wconf 89' lang='lat' dir='ltr'>in</span> <span class='ocrx_word' id='word_1_117' title='bbox 1278 891 1444 918; x_wconf 89' lang='lat' dir='ltr'>crucem</span> <span class='ocrx_word' id='word_1_118' title='bbox 1464 875 1602 931; x_wconf 79' lang='lat' dir='ltr'>egisti,</span> <span class='ocrx_word' id='word_1_119' title='bbox 1625 875 1762 916; x_wconf 86' lang='lat' dir='ltr'>civem</span> 
     </span>
     <span class='ocr_line' id='line_1_13' title="bbox 162 941 1763 997; baseline -0.001 -14"><span class='ocrx_word' id='word_1_120' title='bbox 162 943 405 984; x_wconf 82' lang='lat' dir='ltr'>Romanum</span> <span class='ocrx_word' id='word_1_121' title='bbox 426 947 468 983; x_wconf 92' lang='lat' dir='ltr'>et</span> <span class='ocrx_word' id='word_1_122' title='bbox 488 941 748 997; x_wconf 88' lang='lat' dir='ltr'>municipem</span> <span class='ocrx_word' id='word_1_123' title='bbox 770 941 1021 991; x_wconf 85' lang='lat' dir='ltr'>Consanum,</span> <span class='ocrx_word' id='word_1_124' title='bbox 1039 957 1125 983; x_wconf 90' lang='lat' dir='ltr'>non</span> <span class='ocrx_word' id='word_1_125' title='bbox 1156 941 1461 996; x_wconf 76' lang='lat' dir='ltr'>speculatorem</span> <span class='ocrx_word' id='word_1_126' title='bbox 1482 941 1763 997; x_wconf 87' lang='lat' dir='ltr'>fugitivorum</span> 
     </span>
     <span class='ocr_line' id='line_1_14' title="bbox 162 1005 1764 1062; baseline -0.002 -12"><span class='ocrx_word' id='word_1_127' title='bbox 162 1008 322 1057; x_wconf 57' lang='lat' dir='ltr'>fuisseu</span> <span class='ocrx_word' id='word_1_128' title='bbox 375 1007 539 1048; x_wconf 90' lang='lat' dir='ltr'>LXIV.</span> <span class='ocrx_word' id='word_1_129' title='bbox 584 1007 727 1053; x_wconf 73' lang='lat' dir='ltr'>Quum</span> <span class='ocrx_word' id='word_1_130' title='bbox 756 1007 859 1048; x_wconf 90' lang='lat' dir='ltr'>haec</span> <span class='ocrx_word' id='word_1_131' title='bbox 889 1007 1031 1048; x_wconf 89' lang='lat' dir='ltr'>omnia</span> <span class='ocrx_word' id='word_1_132' title='bbox 1061 1022 1168 1062; x_wconf 89' lang='lat' dir='ltr'>quae</span> <span class='ocrx_word' id='word_1_133' title='bbox 1197 1007 1396 1062; x_wconf 90' lang='lat' dir='ltr'>polliceor</span> <span class='ocrx_word' id='word_1_134' title='bbox 1430 1007 1643 1048; x_wconf 89' lang='lat' dir='ltr'>cumulate</span> <span class='ocrx_word' id='word_1_135' title='bbox 1678 1005 1764 1046; x_wconf 89' lang='lat' dir='ltr'>tuis</span> 
     </span>
     <span class='ocr_line' id='line_1_15' title="bbox 163 1070 1765 1129; baseline -0.002 -14"><span class='ocrx_word' id='word_1_136' title='bbox 163 1072 369 1129; x_wconf 85' lang='lat' dir='ltr'>proximis</span> <span class='ocrx_word' id='word_1_137' title='bbox 401 1073 530 1128; x_wconf 86' lang='lat' dir='ltr'>plana</span> <span class='ocrx_word' id='word_1_138' title='bbox 562 1072 711 1122; x_wconf 81' lang='lat' dir='ltr'>fecero,</span> <span class='ocrx_word' id='word_1_139' title='bbox 745 1077 839 1114; x_wconf 90' lang='lat' dir='ltr'>tum</span> <span class='ocrx_word' id='word_1_140' title='bbox 870 1072 979 1114; x_wconf 90' lang='lat' dir='ltr'>istuc</span> <span class='ocrx_word' id='word_1_141' title='bbox 1006 1072 1146 1128; x_wconf 87' lang='lat' dir='ltr'>ipsum</span> <span class='ocrx_word' id='word_1_142' title='bbox 1172 1073 1322 1114; x_wconf 86' lang='lat' dir='ltr'>tenebo</span> <span class='ocrx_word' id='word_1_143' title='bbox 1347 1072 1460 1127; x_wconf 91' lang='lat' dir='ltr'>quod</span> <span class='ocrx_word' id='word_1_144' title='bbox 1487 1072 1559 1113; x_wconf 88' lang='lat' dir='ltr'>abs</span> <span class='ocrx_word' id='word_1_145' title='bbox 1583 1076 1625 1112; x_wconf 92' lang='lat' dir='ltr'>te</span> <span class='ocrx_word' id='word_1_146' title='bbox 1655 1070 1765 1112; x_wconf 87' lang='lat' dir='ltr'>mihi</span> 
     </span>
     <span class='ocr_line' id='line_1_16' title="bbox 165 1136 1762 1191; baseline -0.003 -11"><span class='ocrx_word' id='word_1_147' title='bbox 165 1140 315 1180; x_wconf 85' lang='lat' dir='ltr'>datur:</span> <span class='ocrx_word' id='word_1_148' title='bbox 352 1154 399 1180; x_wconf 92' lang='lat' dir='ltr'>eo</span> <span class='ocrx_word' id='word_1_149' title='bbox 425 1142 674 1179; x_wconf 83' lang='lat' dir='ltr'>contentum</span> <span class='ocrx_word' id='word_1_150' title='bbox 699 1153 767 1179; x_wconf 90' lang='lat' dir='ltr'>me</span> <span class='ocrx_word' id='word_1_151' title='bbox 798 1153 885 1179; x_wconf 89' lang='grc'>0550</span> <span class='ocrx_word' id='word_1_152' title='bbox 916 1138 1067 1179; x_wconf 86' lang='lat' dir='ltr'>dicam.</span> <span class='ocrx_word' id='word_1_153' title='bbox 1130 1137 1244 1184; x_wconf 80' lang='lat' dir='ltr'>Quid</span> <span class='ocrx_word' id='word_1_154' title='bbox 1275 1137 1390 1178; x_wconf 88' lang='lat' dir='ltr'>enim</span> <span class='ocrx_word' id='word_1_155' title='bbox 1419 1152 1555 1191; x_wconf 86' lang='lat' dir='ltr'>nuper</span> <span class='ocrx_word' id='word_1_156' title='bbox 1583 1141 1631 1177; x_wconf 90' lang='lat' dir='ltr'>tu</span> <span class='ocrx_word' id='word_1_157' title='bbox 1660 1136 1762 1190; x_wconf 85' lang='lat' dir='ltr'>ipse,</span> 
     </span>
     <span class='ocr_line' id='line_1_17' title="bbox 165 1200 1763 1259; baseline -0.003 -14"><span class='ocrx_word' id='word_1_158' title='bbox 165 1219 298 1259; x_wconf 86' lang='lat' dir='ltr'>quum</span> <span class='ocrx_word' id='word_1_159' title='bbox 326 1203 473 1258; x_wconf 90' lang='lat' dir='ltr'>populi</span> <span class='ocrx_word' id='word_1_160' title='bbox 493 1203 679 1244; x_wconf 83' lang='lat' dir='ltr'>Romani</span> <span class='ocrx_word' id='word_1_161' title='bbox 699 1202 881 1244; x_wconf 88' lang='lat' dir='ltr'>clamore</span> <span class='ocrx_word' id='word_1_162' title='bbox 909 1208 1036 1258; x_wconf 87' lang='lat' dir='ltr'>atque</span> <span class='ocrx_word' id='word_1_163' title='bbox 1060 1203 1224 1257; x_wconf 90' lang='lat' dir='ltr'>impetu</span> <span class='ocrx_word' id='word_1_164' title='bbox 1251 1203 1522 1257; x_wconf 81' lang='lat' dir='ltr'>perturbatus</span> <span class='ocrx_word' id='word_1_165' title='bbox 1542 1200 1763 1250; x_wconf 77' lang='lat' dir='ltr'>exsiluisti,</span> 
     </span>
     <span class='ocr_line' id='line_1_18' title="bbox 165 1267 1764 1324; baseline -0.001 -15"><span class='ocrx_word' id='word_1_166' title='bbox 165 1269 281 1324; x_wconf 90' lang='lat' dir='ltr'>quid,</span> <span class='ocrx_word' id='word_1_167' title='bbox 305 1269 493 1323; x_wconf 86' lang='lat' dir='ltr'>inquam,</span> <span class='ocrx_word' id='word_1_168' title='bbox 515 1267 680 1309; x_wconf 89' lang='lat' dir='ltr'>locutus</span> <span class='ocrx_word' id='word_1_169' title='bbox 701 1284 743 1309; x_wconf 89' lang='lat' dir='ltr'>es</span> <span class='ocrx_word' id='word_1_170' title='bbox 756 1268 777 1309; x_wconf 71' lang='grc' dir='ltr'><em>Ρ</em></span> <span class='ocrx_word' id='word_1_171' title='bbox 837 1268 970 1309; x_wconf 84' lang='lat' dir='ltr'>Illum</span> <span class='ocrx_word' id='word_1_172' title='bbox 991 1268 1103 1323; x_wconf 90' lang='lat' dir='ltr'>quod</span> <span class='ocrx_word' id='word_1_173' title='bbox 1124 1283 1286 1309; x_wconf 90' lang='lat' dir='ltr'>moram</span> <span class='ocrx_word' id='word_1_174' title='bbox 1306 1267 1512 1322; x_wconf 89' lang='lat' dir='ltr'>supplicio</span> <span class='ocrx_word' id='word_1_175' title='bbox 1533 1271 1764 1322; x_wconf 85' lang='lat' dir='ltr'>quaereret,</span> 
     </span>
     <span class='ocr_line' id='line_1_19' title="bbox 165 1331 1764 1387; baseline -0.001 -13"><span class='ocrx_word' id='word_1_176' title='bbox 165 1334 260 1376; x_wconf 85' lang='lat' dir='ltr'>ideo</span> <span class='ocrx_word' id='word_1_177' title='bbox 291 1334 526 1375; x_wconf 79' lang='lat' dir='ltr'>clamitasse</span> <span class='ocrx_word' id='word_1_178' title='bbox 557 1349 600 1374; x_wconf 89' lang='lat' dir='ltr'>se</span> <span class='ocrx_word' id='word_1_179' title='bbox 630 1349 717 1375; x_wconf 91' lang='lat' dir='ltr'>esse</span> <span class='ocrx_word' id='word_1_180' title='bbox 747 1333 884 1374; x_wconf 81' lang='lat' dir='ltr'>civem</span> <span class='ocrx_word' id='word_1_181' title='bbox 911 1333 1165 1382; x_wconf 84' lang='lat' dir='ltr'>Romanum,</span> <span class='ocrx_word' id='word_1_182' title='bbox 1188 1332 1260 1374; x_wconf 89' lang='lat' dir='ltr'>sed</span> <span class='ocrx_word' id='word_1_183' title='bbox 1290 1332 1593 1387; x_wconf 86' lang='lat' dir='ltr'>speculatorem</span> <span class='ocrx_word' id='word_1_184' title='bbox 1624 1331 1764 1372; x_wconf 85' lang='lat' dir='ltr'>fuisse.</span> 
     </span>
     <span class='ocr_line' id='line_1_20' title="bbox 167 1396 1766 1444; baseline -0.001 -4"><span class='ocrx_word' id='word_1_185' title='bbox 167 1399 196 1440; x_wconf 86' lang='lat' dir='ltr'>J</span> <span class='ocrx_word' id='word_1_186' title='bbox 200 1415 268 1440; x_wconf 89' lang='lat' dir='ltr'>am</span> <span class='ocrx_word' id='word_1_187' title='bbox 297 1398 382 1440; x_wconf 89' lang='lat' dir='ltr'>mei</span> <span class='ocrx_word' id='word_1_188' title='bbox 412 1403 539 1439; x_wconf 83' lang='lat' dir='ltr'>testes</span> <span class='ocrx_word' id='word_1_189' title='bbox 568 1398 660 1439; x_wconf 80' lang='lat' dir='ltr'>veri</span> <span class='ocrx_word' id='word_1_190' title='bbox 691 1403 801 1439; x_wconf 91' lang='lat' dir='ltr'>sunt.</span> <span class='ocrx_word' id='word_1_191' title='bbox 865 1398 978 1444; x_wconf 76' lang='lat' dir='ltr'>Quid</span> <span class='ocrx_word' id='word_1_192' title='bbox 1000 1398 1114 1439; x_wconf 89' lang='lat' dir='ltr'>enim</span> <span class='ocrx_word' id='word_1_193' title='bbox 1135 1397 1238 1439; x_wconf 89' lang='lat' dir='ltr'>dicit</span> <span class='ocrx_word' id='word_1_194' title='bbox 1259 1397 1375 1438; x_wconf 87' lang='lat' dir='ltr'>aliud</span> <span class='ocrx_word' id='word_1_195' title='bbox 1396 1397 1441 1438; x_wconf 93' lang='lat' dir='ltr'>C.</span> <span class='ocrx_word' id='word_1_196' title='bbox 1464 1396 1766 1438; x_wconf 78' lang='lat' dir='ltr'>Numitorius?</span> 
     </span>
     <span class='ocr_line' id='line_1_21' title="bbox 168 1461 1767 1519; baseline -0.001 -15"><span class='ocrx_word' id='word_1_197' title='bbox 168 1464 268 1519; x_wconf 86' lang='lat' dir='ltr'>quid</span> <span class='ocrx_word' id='word_1_198' title='bbox 293 1463 353 1504; x_wconf 85' lang='lat' dir='ltr'>M.</span> <span class='ocrx_word' id='word_1_199' title='bbox 378 1468 420 1504; x_wconf 90' lang='lat' dir='ltr'>et</span> <span class='ocrx_word' id='word_1_200' title='bbox 441 1463 489 1504; x_wconf 88' lang='lat' dir='ltr'>P.</span> <span class='ocrx_word' id='word_1_201' title='bbox 514 1462 657 1512; x_wconf 86' lang='lat' dir='ltr'>Cottii,</span> <span class='ocrx_word' id='word_1_202' title='bbox 680 1462 934 1505; x_wconf 88' lang='lat' dir='ltr'>nobilissimi</span> <span class='ocrx_word' id='word_1_203' title='bbox 955 1462 1161 1512; x_wconf 90' lang='lat' dir='ltr'>homines,</span> <span class='ocrx_word' id='word_1_204' title='bbox 1180 1477 1233 1503; x_wconf 78' lang='lat' dir='ltr'>ex</span> <span class='ocrx_word' id='word_1_205' title='bbox 1253 1477 1356 1517; x_wconf 84' lang='lat' dir='ltr'>agro</span> <span class='ocrx_word' id='word_1_206' title='bbox 1377 1461 1732 1503; x_wconf 85' lang='lat' dir='ltr'>Tauromenitano</span> <span class='ocrx_word' id='word_1_207' title='bbox 1747 1461 1767 1502; x_wconf 68' lang='grc' dir='ltr'><em>Ρ</em></span> 
     </span>
     <span class='ocr_line' id='line_1_22' title="bbox 169 1526 1768 1584; baseline -0.001 -15"><span class='ocrx_word' id='word_1_208' title='bbox 169 1528 273 1584; x_wconf 88' lang='lat' dir='ltr'>quid</span> <span class='ocrx_word' id='word_1_209' title='bbox 305 1528 355 1574; x_wconf 78' lang='lat' dir='ltr'>Q.</span> <span class='ocrx_word' id='word_1_210' title='bbox 387 1527 592 1569; x_wconf 86' lang='lat' dir='ltr'>Lucceius</span> <span class='ocrx_word' id='word_1_211' title='bbox 622 1528 697 1583; x_wconf 90' lang='lat' dir='ltr'>qui</span> <span class='ocrx_word' id='word_1_212' title='bbox 726 1527 1014 1584; x_wconf 88' lang='lat' dir='ltr'>argentariam</span> <span class='ocrx_word' id='word_1_213' title='bbox 1044 1527 1204 1582; x_wconf 88' lang='lat' dir='ltr'>Rhegii</span> <span class='ocrx_word' id='word_1_214' title='bbox 1234 1527 1466 1568; x_wconf 81' lang='lat' dir='ltr'>maximam</span> <span class='ocrx_word' id='word_1_215' title='bbox 1494 1526 1629 1568; x_wconf 78' lang='lat' dir='ltr'>fecit?</span> <span class='ocrx_word' id='word_1_216' title='bbox 1664 1526 1768 1582; x_wconf 87' lang='lat' dir='ltr'>quid</span> 
     </span>
     <span class='ocr_line' id='line_1_23' title="bbox 170 1591 1770 1647; baseline -0.001 -13"><span class='ocrx_word' id='word_1_217' title='bbox 170 1593 335 1635; x_wconf 80' lang='lat' dir='ltr'>ceteri?</span> <span class='ocrx_word' id='word_1_218' title='bbox 392 1592 548 1634; x_wconf 90' lang='lat' dir='ltr'>Adhuc</span> <span class='ocrx_word' id='word_1_219' title='bbox 570 1594 684 1634; x_wconf 88' lang='lat' dir='ltr'>enim</span> <span class='ocrx_word' id='word_1_220' title='bbox 710 1598 837 1635; x_wconf 89' lang='lat' dir='ltr'>testes</span> <span class='ocrx_word' id='word_1_221' title='bbox 865 1609 919 1634; x_wconf 80' lang='lat' dir='ltr'>ex</span> <span class='ocrx_word' id='word_1_222' title='bbox 946 1609 993 1634; x_wconf 91' lang='lat' dir='ltr'>eo</span> <span class='ocrx_word' id='word_1_223' title='bbox 1019 1608 1174 1647; x_wconf 87' lang='lat' dir='ltr'>genere</span> <span class='ocrx_word' id='word_1_224' title='bbox 1199 1608 1223 1634; x_wconf 91' lang='lat' dir='ltr'>a</span> <span class='ocrx_word' id='word_1_225' title='bbox 1247 1607 1315 1633; x_wconf 90' lang='lat' dir='ltr'>me</span> <span class='ocrx_word' id='word_1_226' title='bbox 1336 1597 1435 1633; x_wconf 87' lang='lat' dir='ltr'>sunt</span> <span class='ocrx_word' id='word_1_227' title='bbox 1459 1591 1560 1641; x_wconf 91' lang='lat' dir='ltr'>dati,</span> <span class='ocrx_word' id='word_1_228' title='bbox 1583 1607 1669 1633; x_wconf 89' lang='lat' dir='ltr'>non</span> <span class='ocrx_word' id='word_1_229' title='bbox 1694 1591 1770 1646; x_wconf 88' lang='lat' dir='ltr'>qui</span> 
     </span>
     <span class='ocr_line' id='line_1_24' title="bbox 169 1656 1766 1712; baseline -0.001 -13"><span class='ocrx_word' id='word_1_230' title='bbox 169 1657 334 1699; x_wconf 85' lang='lat' dir='ltr'>novisse</span> <span class='ocrx_word' id='word_1_231' title='bbox 356 1657 541 1699; x_wconf 80' lang='lat' dir='ltr'>Gavium</span> <span class='ocrx_word' id='word_1_232' title='bbox 569 1659 642 1699; x_wconf 91' lang='lat' dir='ltr'>sed</span> <span class='ocrx_word' id='word_1_233' title='bbox 669 1674 710 1700; x_wconf 91' lang='lat' dir='ltr'>se</span> <span class='ocrx_word' id='word_1_234' title='bbox 731 1659 886 1699; x_wconf 87' lang='lat' dir='ltr'>vidisse</span> <span class='ocrx_word' id='word_1_235' title='bbox 908 1658 1109 1707; x_wconf 84' lang='lat' dir='ltr'>dicerent,</span> <span class='ocrx_word' id='word_1_236' title='bbox 1134 1673 1266 1712; x_wconf 90' lang='lat' dir='ltr'>quum</span> <span class='ocrx_word' id='word_1_237' title='bbox 1291 1657 1327 1698; x_wconf 87' lang='lat' dir='ltr'>is</span> <span class='ocrx_word' id='word_1_238' title='bbox 1355 1657 1429 1712; x_wconf 80' lang='lat' dir='ltr'>qui</span> <span class='ocrx_word' id='word_1_239' title='bbox 1456 1672 1498 1698; x_wconf 89' lang='lat' dir='ltr'>se</span> <span class='ocrx_word' id='word_1_240' title='bbox 1525 1656 1662 1698; x_wconf 86' lang='lat' dir='ltr'>civem</span> <span class='ocrx_word' id='word_1_241' title='bbox 1681 1656 1766 1698; x_wconf 85' lang='lat' dir='ltr'>Ro-</span> 
     </span>
     <span class='ocr_line' id='line_1_25' title="bbox 170 1721 1770 1778; baseline -0.001 -14"><span class='ocrx_word' id='word_1_242' title='bbox 170 1738 344 1765; x_wconf 90' lang='lat' dir='ltr'>manum</span> <span class='ocrx_word' id='word_1_243' title='bbox 374 1738 461 1764; x_wconf 89' lang='lat' dir='ltr'>esse</span> <span class='ocrx_word' id='word_1_244' title='bbox 491 1723 692 1764; x_wconf 89' lang='lat' dir='ltr'>clamaret</span> <span class='ocrx_word' id='word_1_245' title='bbox 723 1723 768 1764; x_wconf 93' lang='lat' dir='ltr'>in</span> <span class='ocrx_word' id='word_1_246' title='bbox 795 1738 962 1764; x_wconf 87' lang='lat' dir='ltr'>crucem</span> <span class='ocrx_word' id='word_1_247' title='bbox 993 1727 1202 1778; x_wconf 85' lang='lat' dir='ltr'>ageretur.</span> <span class='ocrx_word' id='word_1_248' title='bbox 1263 1722 1359 1763; x_wconf 89' lang='lat' dir='ltr'>Hoc</span> <span class='ocrx_word' id='word_1_249' title='bbox 1382 1727 1442 1772; x_wconf 80' lang='lat' dir='ltr'>tn,</span> <span class='ocrx_word' id='word_1_250' title='bbox 1464 1721 1633 1772; x_wconf 89' lang='lat' dir='ltr'>Verres,</span> <span class='ocrx_word' id='word_1_251' title='bbox 1655 1721 1770 1763; x_wconf 87' lang='lat' dir='ltr'>idem</span> 
     </span>
     <span class='ocr_line' id='line_1_26' title="bbox 171 1786 1767 1837; baseline -0.002 -7"><span class='ocrx_word' id='word_1_252' title='bbox 171 1788 300 1830; x_wconf 86' lang='lat' dir='ltr'>dicis:</span> <span class='ocrx_word' id='word_1_253' title='bbox 332 1787 411 1829; x_wconf 87' lang='grc'>1100</span> <span class='ocrx_word' id='word_1_254' title='bbox 432 1792 480 1828; x_wconf 91' lang='lat' dir='ltr'>tu</span> <span class='ocrx_word' id='word_1_255' title='bbox 501 1787 713 1829; x_wconf 88' lang='lat' dir='ltr'>confiteris</span> <span class='ocrx_word' id='word_1_256' title='bbox 733 1788 854 1829; x_wconf 90' lang='lat' dir='ltr'>illum</span> <span class='ocrx_word' id='word_1_257' title='bbox 877 1788 1127 1837; x_wconf 84' lang='lat' dir='ltr'>clamitasse,</span> <span class='ocrx_word' id='word_1_258' title='bbox 1151 1803 1193 1829; x_wconf 89' lang='lat' dir='ltr'>se</span> <span class='ocrx_word' id='word_1_259' title='bbox 1224 1787 1360 1828; x_wconf 84' lang='lat' dir='ltr'>civem</span> <span class='ocrx_word' id='word_1_260' title='bbox 1390 1802 1477 1828; x_wconf 89' lang='lat' dir='ltr'>esse</span> <span class='ocrx_word' id='word_1_261' title='bbox 1501 1786 1767 1828; x_wconf 85' lang='lat' dir='ltr'>Romanum:</span> 
     </span>
     <span class='ocr_line' id='line_1_27' title="bbox 172 1852 1771 1909; baseline -0.002 -14"><span class='ocrx_word' id='word_1_262' title='bbox 172 1854 286 1909; x_wconf 89' lang='lat' dir='ltr'>apud</span> <span class='ocrx_word' id='word_1_263' title='bbox 305 1857 347 1894; x_wconf 88' lang='lat' dir='ltr'>te</span> <span class='ocrx_word' id='word_1_264' title='bbox 362 1868 517 1893; x_wconf 90' lang='lat' dir='ltr'>nomen</span> <span class='ocrx_word' id='word_1_265' title='bbox 538 1853 723 1895; x_wconf 88' lang='lat' dir='ltr'>civitatis</span> <span class='ocrx_word' id='word_1_266' title='bbox 743 1869 796 1895; x_wconf 91' lang='lat' dir='ltr'>ne</span> <span class='ocrx_word' id='word_1_267' title='bbox 810 1859 979 1895; x_wconf 91' lang='lat' dir='ltr'>tantum</span> <span class='ocrx_word' id='word_1_268' title='bbox 1000 1853 1173 1908; x_wconf 90' lang='lat' dir='ltr'>quidem</span> <span class='ocrx_word' id='word_1_269' title='bbox 1193 1852 1374 1894; x_wconf 85' lang='lat' dir='ltr'>valuisse</span> <span class='ocrx_word' id='word_1_270' title='bbox 1395 1857 1443 1893; x_wconf 90' lang='lat' dir='ltr'>ut</span> <span class='ocrx_word' id='word_1_271' title='bbox 1463 1852 1771 1893; x_wconf 84' lang='lat' dir='ltr'>dubitationem</span> 
     </span>
     <span class='ocr_line' id='line_1_28' title="bbox 173 1918 1772 1974; baseline -0.002 -13"><span class='ocrx_word' id='word_1_272' title='bbox 173 1919 373 1974; x_wconf 86' lang='lat' dir='ltr'>aliquam,</span> <span class='ocrx_word' id='word_1_273' title='bbox 407 1923 456 1959; x_wconf 90' lang='lat' dir='ltr'>ut</span> <span class='ocrx_word' id='word_1_274' title='bbox 488 1919 768 1960; x_wconf 89' lang='lat' dir='ltr'>crudelissimi</span> <span class='ocrx_word' id='word_1_275' title='bbox 798 1919 1116 1974; x_wconf 85' lang='lat' dir='ltr'>taeterrimique</span> <span class='ocrx_word' id='word_1_276' title='bbox 1147 1918 1344 1973; x_wconf 86' lang='lat' dir='ltr'>supplicii</span> <span class='ocrx_word' id='word_1_277' title='bbox 1378 1918 1563 1973; x_wconf 85' lang='lat' dir='ltr'>aliquam</span> <span class='ocrx_word' id='word_1_278' title='bbox 1595 1932 1772 1972; x_wconf 81' lang='lat' dir='ltr'>parvam</span> 
     </span>
     <span class='ocr_line' id='line_1_29' title="bbox 172 1982 1771 2038; baseline -0.002 -12"><span class='ocrx_word' id='word_1_279' title='bbox 172 2000 335 2026; x_wconf 87' lang='lat' dir='ltr'>moram</span> <span class='ocrx_word' id='word_1_280' title='bbox 366 1983 516 2025; x_wconf 90' lang='lat' dir='ltr'>saltem</span> <span class='ocrx_word' id='word_1_281' title='bbox 545 1989 684 2038; x_wconf 92' lang='lat' dir='ltr'>posset</span> <span class='ocrx_word' id='word_1_282' title='bbox 714 1984 875 2026; x_wconf 85' lang='lat' dir='ltr'>afferre.</span> <span class='ocrx_word' id='word_1_283' title='bbox 938 1985 1032 2025; x_wconf 87' lang='lat' dir='ltr'>Hoc</span> <span class='ocrx_word' id='word_1_284' title='bbox 1056 1989 1190 2033; x_wconf 85' lang='lat' dir='ltr'>teneo,</span> <span class='ocrx_word' id='word_1_285' title='bbox 1213 1983 1282 2024; x_wconf 89' lang='grc'>1110</span> <span class='ocrx_word' id='word_1_286' title='bbox 1312 1983 1476 2032; x_wconf 84' lang='lat' dir='ltr'>haereo,</span> <span class='ocrx_word' id='word_1_287' title='bbox 1494 1983 1669 2038; x_wconf 85' lang='lat' dir='ltr'>judices,</span> <span class='ocrx_word' id='word_1_288' title='bbox 1692 1982 1771 2023; x_wconf 88' lang='grc'>1100</span> 
     </span>
     <span class='ocr_line' id='line_1_30' title="bbox 173 2047 1769 2104; baseline -0.001 -14"><span class='ocrx_word' id='word_1_289' title='bbox 173 2064 267 2090; x_wconf 85' lang='grc'>511111</span> <span class='ocrx_word' id='word_1_290' title='bbox 287 2054 509 2091; x_wconf 90' lang='lat' dir='ltr'>contentus</span> <span class='ocrx_word' id='word_1_291' title='bbox 530 2064 639 2090; x_wconf 90' lang='lat' dir='ltr'>uno:</span> <span class='ocrx_word' id='word_1_292' title='bbox 672 2050 822 2091; x_wconf 88' lang='lat' dir='ltr'>omitto</span> <span class='ocrx_word' id='word_1_293' title='bbox 853 2065 900 2091; x_wconf 88' lang='lat' dir='ltr'>ac</span> <span class='ocrx_word' id='word_1_294' title='bbox 930 2049 1104 2104; x_wconf 81' lang='lat' dir='ltr'>negligo</span> <span class='ocrx_word' id='word_1_295' title='bbox 1133 2054 1293 2090; x_wconf 90' lang='lat' dir='ltr'>cetera:</span> <span class='ocrx_word' id='word_1_296' title='bbox 1318 2063 1392 2089; x_wconf 89' lang='lat' dir='ltr'>sua</span> <span class='ocrx_word' id='word_1_297' title='bbox 1419 2048 1678 2089; x_wconf 87' lang='lat' dir='ltr'>confessione</span> <span class='ocrx_word' id='word_1_298' title='bbox 1704 2047 1769 2088; x_wconf 89' lang='grc'>111-</span> 
     </span>
     <span class='ocr_line' id='line_1_31' title="bbox 174 2113 1773 2170; baseline -0.001 -15"><span class='ocrx_word' id='word_1_299' title='bbox 174 2115 330 2155; x_wconf 88' lang='lat' dir='ltr'>duatur</span> <span class='ocrx_word' id='word_1_300' title='bbox 350 2130 397 2156; x_wconf 85' lang='lat' dir='ltr'>ac</span> <span class='ocrx_word' id='word_1_301' title='bbox 413 2114 639 2170; x_wconf 88' lang='lat' dir='ltr'>juguletur</span> <span class='ocrx_word' id='word_1_302' title='bbox 658 2130 825 2156; x_wconf 90' lang='lat' dir='ltr'>necesse</span> <span class='ocrx_word' id='word_1_303' title='bbox 841 2119 915 2156; x_wconf 87' lang='lat' dir='ltr'>est.</span> <span class='ocrx_word' id='word_1_304' title='bbox 969 2114 1054 2161; x_wconf 80' lang='lat' dir='ltr'>Qui</span> <span class='ocrx_word' id='word_1_305' title='bbox 1069 2119 1176 2156; x_wconf 89' lang='lat' dir='ltr'>esset</span> <span class='ocrx_word' id='word_1_306' title='bbox 1196 2113 1445 2169; x_wconf 85' lang='lat' dir='ltr'>ignorabas:</span> <span class='ocrx_word' id='word_1_307' title='bbox 1468 2113 1773 2168; x_wconf 88' lang='lat' dir='ltr'>speculatorem</span> 
     </span>
     <span class='ocr_line' id='line_1_32' title="bbox 175 2179 1771 2235; baseline -0.001 -15"><span class='ocrx_word' id='word_1_308' title='bbox 175 2195 263 2221; x_wconf 88' lang='lat' dir='ltr'>esse</span> <span class='ocrx_word' id='word_1_309' title='bbox 294 2179 583 2234; x_wconf 84' lang='lat' dir='ltr'>suspicabare:</span> <span class='ocrx_word' id='word_1_310' title='bbox 620 2195 706 2221; x_wconf 90' lang='lat' dir='ltr'>non</span> <span class='ocrx_word' id='word_1_311' title='bbox 737 2195 893 2235; x_wconf 88' lang='lat' dir='ltr'>quaero</span> <span class='ocrx_word' id='word_1_312' title='bbox 923 2195 1006 2235; x_wconf 87' lang='lat' dir='ltr'>qua</span> <span class='ocrx_word' id='word_1_313' title='bbox 1036 2179 1296 2234; x_wconf 91' lang='lat' dir='ltr'>suspicione;</span> <span class='ocrx_word' id='word_1_314' title='bbox 1327 2183 1402 2219; x_wconf 88' lang='lat' dir='ltr'>tua</span> <span class='ocrx_word' id='word_1_315' title='bbox 1431 2183 1472 2219; x_wconf 89' lang='lat' dir='ltr'>te</span> <span class='ocrx_word' id='word_1_316' title='bbox 1503 2193 1650 2219; x_wconf 83' lang='lat' dir='ltr'>accuso</span> <span class='ocrx_word' id='word_1_317' title='bbox 1679 2193 1771 2219; x_wconf 88' lang='lat' dir='ltr'>ora-</span> 
     </span>
     <span class='ocr_line' id='line_1_33' title="bbox 176 2242 1774 2298; baseline -0.001 -14"><span class='ocrx_word' id='word_1_318' title='bbox 176 2244 304 2285; x_wconf 89' lang='lat' dir='ltr'>tione.</span> <span class='ocrx_word' id='word_1_319' title='bbox 366 2243 514 2285; x_wconf 86' lang='lat' dir='ltr'>Civem</span> <span class='ocrx_word' id='word_1_320' title='bbox 534 2244 778 2286; x_wconf 85' lang='lat' dir='ltr'>Romanum</span> <span class='ocrx_word' id='word_1_321' title='bbox 798 2261 841 2287; x_wconf 91' lang='lat' dir='ltr'>se</span> <span class='ocrx_word' id='word_1_322' title='bbox 857 2261 945 2287; x_wconf 91' lang='lat' dir='ltr'>esse</span> <span class='ocrx_word' id='word_1_323' title='bbox 966 2245 1143 2286; x_wconf 68' lang='lat' dir='ltr'>dicebat.</span> <span class='ocrx_word' id='word_1_324' title='bbox 1205 2244 1250 2286; x_wconf 77' lang='lat' dir='ltr'>Si</span> <span class='ocrx_word' id='word_1_325' title='bbox 1270 2249 1318 2285; x_wconf 88' lang='lat' dir='ltr'>tu</span> <span class='ocrx_word' id='word_1_326' title='bbox 1339 2244 1451 2298; x_wconf 84' lang='lat' dir='ltr'>apud</span> <span class='ocrx_word' id='word_1_327' title='bbox 1464 2243 1613 2284; x_wconf 85' lang='lat' dir='ltr'>Persas</span> <span class='ocrx_word' id='word_1_328' title='bbox 1634 2247 1707 2284; x_wconf 88' lang='lat' dir='ltr'>aut</span> <span class='ocrx_word' id='word_1_329' title='bbox 1726 2242 1774 2284; x_wconf 90' lang='lat' dir='ltr'>in</span> 
     </span>
     <span class='ocr_line' id='line_1_34' title="bbox 177 2307 1775 2365; baseline -0.001 -16"><span class='ocrx_word' id='word_1_330' title='bbox 177 2313 368 2350; x_wconf 82' lang='lat' dir='ltr'>extrema</span> <span class='ocrx_word' id='word_1_331' title='bbox 397 2308 525 2351; x_wconf 85' lang='lat' dir='ltr'>India</span> <span class='ocrx_word' id='word_1_332' title='bbox 554 2310 851 2365; x_wconf 88' lang='lat' dir='ltr'>deprehensus,</span> <span class='ocrx_word' id='word_1_333' title='bbox 875 2310 1043 2360; x_wconf 89' lang='lat' dir='ltr'>Verres,</span> <span class='ocrx_word' id='word_1_334' title='bbox 1070 2311 1124 2351; x_wconf 87' lang='lat' dir='ltr'>ad</span> <span class='ocrx_word' id='word_1_335' title='bbox 1154 2309 1409 2364; x_wconf 88' lang='lat' dir='ltr'>supplicium</span> <span class='ocrx_word' id='word_1_336' title='bbox 1437 2309 1648 2358; x_wconf 90' lang='lat' dir='ltr'>ducerere,</span> <span class='ocrx_word' id='word_1_337' title='bbox 1670 2307 1775 2363; x_wconf 84' lang='lat' dir='ltr'>quid</span> 
     </span>
    </p>
   </div>
   <div class='ocr_carea' id='block_1_3' title="bbox 178 2413 1778 2876">
    <p class='ocr_par' dir='ltr' id='par_1_3' title="bbox 178 2413 1775 2584">
     <span class='ocr_line' id='line_1_35' title="bbox 223 2413 1775 2455; baseline 0.001 -14"><span class='ocrx_word' id='word_1_338' title='bbox 223 2413 424 2452; x_wconf 72' lang='lat' dir='ltr'>repentinum</span> <span class='ocrx_word' id='word_1_339' title='bbox 440 2414 695 2455; x_wconf 73' lang='lat' dir='ltr'>speculatorem]</span> <span class='ocrx_word' id='word_1_340' title='bbox 729 2416 815 2446; x_wconf 89' lang='lat' dir='ltr'>Who</span> <span class='ocrx_word' id='word_1_341' title='bbox 831 2426 895 2446; x_wconf 85' lang='lat' dir='ltr'>was</span> <span class='ocrx_word' id='word_1_342' title='bbox 911 2416 956 2446; x_wconf 88' lang='lat' dir='ltr'>all</span> <span class='ocrx_word' id='word_1_343' title='bbox 1042 2416 1095 2447; x_wconf 69' lang='lat'>64.</span> <span class='ocrx_word' id='word_1_344' title='bbox 1119 2416 1185 2446; x_wconf 73' lang='lat' dir='ltr'>tuis</span> <span class='ocrx_word' id='word_1_345' title='bbox 1200 2414 1378 2455; x_wconf 73' lang='lat' dir='ltr'>proximis]</span> <span class='ocrx_word' id='word_1_346' title='bbox 1425 2414 1493 2445; x_wconf 85' lang='lat' dir='ltr'>The</span> <span class='ocrx_word' id='word_1_347' title='bbox 1516 2413 1687 2444; x_wconf 83' lang='lat' dir='ltr'>advocates</span> <span class='ocrx_word' id='word_1_348' title='bbox 1709 2413 1775 2443; x_wconf 87' lang='lat' dir='ltr'>and</span> 
     </span>
     <span class='ocr_line' id='line_1_36' title="bbox 178 2455 1775 2498; baseline 0.001 -13"><span class='ocrx_word' id='word_1_349' title='bbox 178 2458 215 2486; x_wconf 82' lang='lat' dir='ltr'>at</span> <span class='ocrx_word' id='word_1_350' title='bbox 231 2466 309 2486; x_wconf 81' lang='lat' dir='ltr'>once</span> <span class='ocrx_word' id='word_1_351' title='bbox 326 2455 475 2486; x_wconf 64' lang='lat' dir='ltr'>decl-ared</span> <span class='ocrx_word' id='word_1_352' title='bbox 490 2459 526 2487; x_wconf 90' lang='lat' dir='ltr'>to</span> <span class='ocrx_word' id='word_1_353' title='bbox 540 2457 580 2487; x_wconf 89' lang='lat' dir='ltr'>be</span> <span class='ocrx_word' id='word_1_354' title='bbox 596 2467 615 2487; x_wconf 84' lang='lat' dir='ltr'>a</span> <span class='ocrx_word' id='word_1_355' title='bbox 631 2468 698 2497; x_wconf 81' lang='lat' dir='ltr'>spy‚</span> <span class='ocrx_word' id='word_1_356' title='bbox 724 2469 766 2489; x_wconf 91' lang='lat' dir='ltr'>no</span> <span class='ocrx_word' id='word_1_357' title='bbox 793 2459 956 2498; x_wconf 86' lang='lat' dir='ltr'>suspicion</span> <span class='ocrx_word' id='word_1_358' title='bbox 999 2458 1122 2489; x_wconf 87' lang='lat' dir='ltr'>friends</span> <span class='ocrx_word' id='word_1_359' title='bbox 1137 2459 1173 2489; x_wconf 86' lang='lat' dir='ltr'>of</span> <span class='ocrx_word' id='word_1_360' title='bbox 1186 2458 1313 2494; x_wconf 78' lang='lat' dir='ltr'>Verres,</span> <span class='ocrx_word' id='word_1_361' title='bbox 1330 2458 1402 2488; x_wconf 88' lang='lat' dir='ltr'>who</span> <span class='ocrx_word' id='word_1_362' title='bbox 1418 2467 1501 2488; x_wconf 83' lang='lat' dir='ltr'>were</span> <span class='ocrx_word' id='word_1_363' title='bbox 1517 2457 1617 2487; x_wconf 83' lang='lat' dir='ltr'>about</span> <span class='ocrx_word' id='word_1_364' title='bbox 1632 2456 1699 2486; x_wconf 88' lang='lat' dir='ltr'>him</span> <span class='ocrx_word' id='word_1_365' title='bbox 1710 2456 1775 2486; x_wconf 84' lang='lat' dir='ltr'>and</span> 
     </span>
     <span class='ocr_line' id='line_1_37' title="bbox 178 2498 1774 2539; baseline 0.001 -10"><span class='ocrx_word' id='word_1_366' title='bbox 178 2499 216 2529; x_wconf 84' lang='lat' dir='ltr'>of</span> <span class='ocrx_word' id='word_1_367' title='bbox 236 2499 293 2529; x_wconf 85' lang='lat' dir='ltr'>the</span> <span class='ocrx_word' id='word_1_368' title='bbox 308 2498 389 2528; x_wconf 87' lang='lat' dir='ltr'>kind</span> <span class='ocrx_word' id='word_1_369' title='bbox 404 2499 526 2539; x_wconf 80' lang='lat' dir='ltr'>having</span> <span class='ocrx_word' id='word_1_370' title='bbox 542 2509 616 2529; x_wconf 80' lang='lat' dir='ltr'>ever</span> <span class='ocrx_word' id='word_1_371' title='bbox 631 2501 757 2531; x_wconf 86' lang='lat' dir='ltr'>existed</span> <span class='ocrx_word' id='word_1_372' title='bbox 780 2501 899 2537; x_wconf 85' lang='lat' dir='ltr'>before,</span> <span class='ocrx_word' id='word_1_373' title='bbox 922 2512 956 2531; x_wconf 84' lang='lat' dir='ltr'>as</span> <span class='ocrx_word' id='word_1_374' title='bbox 1000 2501 1057 2531; x_wconf 89' lang='lat' dir='ltr'>the</span> <span class='ocrx_word' id='word_1_375' title='bbox 1080 2503 1209 2532; x_wconf 75' lang='lat' dir='ltr'>nearest</span> <span class='ocrx_word' id='word_1_376' title='bbox 1232 2504 1268 2532; x_wconf 88' lang='lat' dir='ltr'>to</span> <span class='ocrx_word' id='word_1_377' title='bbox 1290 2501 1369 2531; x_wconf 87' lang='lat' dir='ltr'>him.</span> <span class='ocrx_word' id='word_1_378' title='bbox 1415 2500 1526 2539; x_wconf 86' lang='lat' dir='ltr'>Comp.</span> <span class='ocrx_word' id='word_1_379' title='bbox 1543 2499 1614 2530; x_wconf 89' lang='lat' dir='ltr'>Lib.</span> <span class='ocrx_word' id='word_1_380' title='bbox 1631 2501 1661 2529; x_wconf 83' lang='lat'>2.</span> <span class='ocrx_word' id='word_1_381' title='bbox 1677 2509 1705 2529; x_wconf 88' lang='grc'>0.</span> <span class='ocrx_word' id='word_1_382' title='bbox 1721 2501 1774 2530; x_wconf 70' lang='lat'>44.</span> 
     </span>
     <span class='ocr_line' id='line_1_38' title="bbox 181 2541 1775 2584; baseline 0 -12"><span class='ocrx_word' id='word_1_383' title='bbox 181 2541 351 2572; x_wconf 86' lang='lat' dir='ltr'>Hotmann</span> <span class='ocrx_word' id='word_1_384' title='bbox 367 2541 510 2581; x_wconf 84' lang='lat' dir='ltr'>explains</span> <span class='ocrx_word' id='word_1_385' title='bbox 526 2542 564 2572; x_wconf 88' lang='lat' dir='ltr'>it.</span> <span class='ocrx_word' id='word_1_386' title='bbox 627 2548 631 2552; x_wconf 74' lang='grc'>“</span> <span class='ocrx_word' id='word_1_387' title='bbox 1002 2544 1077 2574; x_wconf 83' lang='lat' dir='ltr'>Itis</span> <span class='ocrx_word' id='word_1_388' title='bbox 1094 2544 1239 2584; x_wconf 80' lang='lat' dir='ltr'>singular</span> <span class='ocrx_word' id='word_1_389' title='bbox 1261 2544 1337 2574; x_wconf 84' lang='lat' dir='ltr'>that</span> <span class='ocrx_word' id='word_1_390' title='bbox 1361 2554 1424 2584; x_wconf 80' lang='lat' dir='ltr'>any</span> <span class='ocrx_word' id='word_1_391' title='bbox 1446 2543 1531 2583; x_wconf 84' lang='lat' dir='ltr'>body</span> <span class='ocrx_word' id='word_1_392' title='bbox 1554 2542 1669 2572; x_wconf 87' lang='lat' dir='ltr'>should</span> <span class='ocrx_word' id='word_1_393' title='bbox 1693 2543 1775 2573; x_wconf 77' lang='lat' dir='ltr'>have</span> 
     </span>
    </p>

    <p class='ocr_par' dir='ltr' id='par_1_4' title="bbox 180 2584 1778 2876">
     <span class='ocr_line' id='line_1_39' title="bbox 226 2584 1411 2627; baseline 0.003 -14"><span class='ocrx_word' id='word_1_394' title='bbox 226 2584 270 2613; x_wconf 78' lang='lat' dir='ltr'>acl</span> <span class='ocrx_word' id='word_1_395' title='bbox 286 2585 460 2614; x_wconf 69' lang='lat' dir='ltr'>arbitrium</span> <span class='ocrx_word' id='word_1_396' title='bbox 477 2584 582 2627; x_wconf 70' lang='lat' dir='ltr'>inum]</span> <span class='ocrx_word' id='word_1_397' title='bbox 631 2585 693 2614; x_wconf 81' lang='lat' dir='ltr'>‘As</span> <span class='ocrx_word' id='word_1_398' title='bbox 715 2596 813 2625; x_wconf 75' lang='lat' dir='ltr'>many</span> <span class='ocrx_word' id='word_1_399' title='bbox 837 2596 871 2616; x_wconf 81' lang='lat' dir='ltr'>as</span> <span class='ocrx_word' id='word_1_400' title='bbox 893 2597 956 2627; x_wconf 72' lang='lat' dir='ltr'>you</span> <span class='ocrx_word' id='word_1_401' title='bbox 1000 2587 1101 2617; x_wconf 82' lang='lat' dir='ltr'>found</span> <span class='ocrx_word' id='word_1_402' title='bbox 1117 2598 1135 2617; x_wconf 80' lang='lat' dir='ltr'>a</span> <span class='ocrx_word' id='word_1_403' title='bbox 1151 2587 1310 2627; x_wconf 73' lang='lat' dir='ltr'>difficulty</span> <span class='ocrx_word' id='word_1_404' title='bbox 1325 2587 1411 2617; x_wconf 86' lang='lat' dir='ltr'>here.</span> 
     </span>
     <span class='ocr_line' id='line_1_40' title="bbox 180 2627 1776 2668; baseline 0.001 -11"><span class='ocrx_word' id='word_1_405' title='bbox 180 2627 316 2663; x_wconf 59' lang='lat' dir='ltr'>choosess</span> <span class='ocrx_word' id='word_1_406' title='bbox 333 2627 359 2657; x_wconf 88' lang='lat' dir='ltr'>is</span> <span class='ocrx_word' id='word_1_407' title='bbox 374 2627 431 2658; x_wconf 87' lang='lat' dir='ltr'>the</span> <span class='ocrx_word' id='word_1_408' title='bbox 446 2628 608 2667; x_wconf 80' lang='lat' dir='ltr'>meaning.</span> <span class='ocrx_word' id='word_1_409' title='bbox 655 2627 766 2668; x_wconf 81' lang='lat' dir='ltr'>Comp.</span> <span class='ocrx_word' id='word_1_410' title='bbox 783 2638 809 2658; x_wconf 87' lang='lat' dir='ltr'>c.</span> <span class='ocrx_word' id='word_1_411' title='bbox 827 2630 879 2665; x_wconf 84' lang='lat'>37,</span> <span class='ocrx_word' id='word_1_412' title='bbox 898 2630 957 2659; x_wconf 75' lang='lat' dir='ltr'>‘ad</span> <span class='ocrx_word' id='word_1_413' title='bbox 1045 2630 1279 2660; x_wconf 56' lang='lat' dir='ltr'>dubistationem</span> <span class='ocrx_word' id='word_1_414' title='bbox 1304 2628 1466 2668; x_wconf 70' lang='lat' dir='ltr'>aliquam]</span> <span class='ocrx_word' id='word_1_415' title='bbox 1513 2627 1574 2668; x_wconf 80' lang='lat' dir='ltr'>Lg.</span> <span class='ocrx_word' id='word_1_416' title='bbox 1599 2629 1640 2659; x_wconf 83' lang='lat'>29</span> <span class='ocrx_word' id='word_1_417' title='bbox 1666 2627 1776 2668; x_wconf 85' lang='lat' dir='ltr'>Naug.</span> 
     </span>
     <span class='ocr_line' id='line_1_41' title="bbox 181 2671 1777 2709; baseline 0 -9"><span class='ocrx_word' id='word_1_418' title='bbox 181 2671 355 2700; x_wconf 81' lang='lat' dir='ltr'>arbitrium</span> <span class='ocrx_word' id='word_1_419' title='bbox 386 2671 502 2700; x_wconf 75' lang='lat' dir='ltr'>suuni.³</span> <span class='ocrx_word' id='word_1_420' title='bbox 563 2671 661 2701; x_wconf 80' lang='lat' dir='ltr'>Halm</span> <span class='ocrx_word' id='word_1_421' title='bbox 697 2671 844 2701; x_wconf 78' lang='lat' dir='ltr'>observes</span> <span class='ocrx_word' id='word_1_422' title='bbox 881 2672 957 2702; x_wconf 79' lang='lat' dir='ltr'>that</span> <span class='ocrx_word' id='word_1_423' title='bbox 1001 2673 1065 2703; x_wconf 77' lang='lat' dir='ltr'>add</span> <span class='ocrx_word' id='word_1_424' title='bbox 1089 2673 1242 2709; x_wconf 58' lang='lat' dir='ltr'>‘cu-uois?</span> <span class='ocrx_word' id='word_1_425' title='bbox 1267 2673 1331 2702; x_wconf 83' lang='lat' dir='ltr'>and</span> <span class='ocrx_word' id='word_1_426' title='bbox 1354 2672 1473 2702; x_wconf 82' lang='lat' dir='ltr'>Iordan</span> <span class='ocrx_word' id='word_1_427' title='bbox 1495 2671 1553 2701; x_wconf 77' lang='lat' dir='ltr'>has</span> <span class='ocrx_word' id='word_1_428' title='bbox 1576 2671 1718 2701; x_wconf 74' lang='lat' dir='ltr'>‘crucis’</span> <span class='ocrx_word' id='word_1_429' title='bbox 1742 2671 1777 2701; x_wconf 85' lang='lat' dir='ltr'>in</span> 
     </span>
     <span class='ocr_line' id='line_1_42' title="bbox 181 2713 1778 2754; baseline 0.001 -12"><span class='ocrx_word' id='word_1_430' title='bbox 181 2713 249 2743; x_wconf 61' lang='lat' dir='ltr'>this</span> <span class='ocrx_word' id='word_1_431' title='bbox 279 2713 305 2743; x_wconf 80' lang='lat' dir='ltr'>is</span> <span class='ocrx_word' id='word_1_432' title='bbox 335 2714 392 2744; x_wconf 85' lang='lat' dir='ltr'>the</span> <span class='ocrx_word' id='word_1_433' title='bbox 423 2713 566 2744; x_wconf 77' lang='lat' dir='ltr'>classical</span> <span class='ocrx_word' id='word_1_434' title='bbox 595 2714 778 2753; x_wconf 76' lang='lat' dir='ltr'>expression</span> <span class='ocrx_word' id='word_1_435' title='bbox 814 2714 863 2744; x_wconf 84' lang='lat' dir='ltr'>for</span> <span class='ocrx_word' id='word_1_436' title='bbox 900 2715 957 2745; x_wconf 85' lang='lat' dir='ltr'>the</span> <span class='ocrx_word' id='word_1_437' title='bbox 1002 2716 1051 2745; x_wconf 81' lang='lat' dir='ltr'>his</span> <span class='ocrx_word' id='word_1_438' title='bbox 1067 2718 1273 2746; x_wconf 54' lang='lat' dir='ltr'>‘nexu—‘sua</span> <span class='ocrx_word' id='word_1_439' title='bbox 1289 2715 1483 2745; x_wconf 78' lang='lat' dir='ltr'>confessione</span> <span class='ocrx_word' id='word_1_440' title='bbox 1502 2714 1688 2745; x_wconf 66' lang='lat' dir='ltr'>induatur?</span> <span class='ocrx_word' id='word_1_441' title='bbox 1713 2714 1778 2754; x_wconf 80' lang='lat' dir='ltr'>‘by</span> 
     </span>
     <span class='ocr_line' id='line_1_43' title="bbox 182 2756 1777 2797; baseline 0.001 -12"><span class='ocrx_word' id='word_1_442' title='bbox 182 2756 316 2786; x_wconf 76' lang='lat' dir='ltr'>modern</span> <span class='ocrx_word' id='word_1_443' title='bbox 356 2757 455 2787; x_wconf 83' lang='lat' dir='ltr'>Latin</span> <span class='ocrx_word' id='word_1_444' title='bbox 497 2760 506 2773; x_wconf 86' lang='lat'><em>‘</em></span> <span class='ocrx_word' id='word_1_445' title='bbox 522 2757 564 2787; x_wconf 81' lang='lat' dir='ltr'>ad</span> <span class='ocrx_word' id='word_1_446' title='bbox 608 2757 761 2787; x_wconf 66' lang='lat' dir='ltr'>libitum?</span> <span class='ocrx_word' id='word_1_447' title='bbox 828 2757 957 2788; x_wconf 81' lang='lat' dir='ltr'>Horace</span> <span class='ocrx_word' id='word_1_448' title='bbox 1001 2759 1051 2788; x_wconf 86' lang='lat' dir='ltr'>his</span> <span class='ocrx_word' id='word_1_449' title='bbox 1077 2769 1149 2789; x_wconf 85' lang='lat' dir='ltr'>own</span> <span class='ocrx_word' id='word_1_450' title='bbox 1176 2758 1352 2789; x_wconf 83' lang='lat' dir='ltr'>confession</span> <span class='ocrx_word' id='word_1_451' title='bbox 1381 2757 1422 2788; x_wconf 89' lang='lat' dir='ltr'>he</span> <span class='ocrx_word' id='word_1_452' title='bbox 1448 2759 1537 2787; x_wconf 71' lang='lat' dir='ltr'>must</span> <span class='ocrx_word' id='word_1_453' title='bbox 1566 2757 1605 2788; x_wconf 86' lang='lat' dir='ltr'>bc</span> <span class='ocrx_word' id='word_1_454' title='bbox 1632 2756 1777 2797; x_wconf 63' lang='lat' dir='ltr'>caught?</span> 
     </span>
     <span class='ocr_line' id='line_1_44' title="bbox 183 2798 1778 2854; baseline 0.002 -27"><span class='ocrx_word' id='word_1_455' title='bbox 183 2798 308 2854; x_wconf 43' lang='lat' dir='ltr'>(Carnu</span> <span class='ocrx_word' id='word_1_456' title='bbox 322 2799 367 2829; x_wconf 87' lang='lat' dir='ltr'>iii.</span> <span class='ocrx_word' id='word_1_457' title='bbox 383 2800 414 2830; x_wconf 84' lang='lat'>6.</span> <span class='ocrx_word' id='word_1_458' title='bbox 431 2810 460 2831; x_wconf 84' lang='lat' dir='ltr'>v.</span> <span class='ocrx_word' id='word_1_459' title='bbox 478 2799 534 2842; x_wconf 83' lang='lat'>40)</span> <span class='ocrx_word' id='word_1_460' title='bbox 559 2799 618 2831; x_wconf 85' lang='lat' dir='ltr'>has</span> <span class='ocrx_word' id='word_1_461' title='bbox 643 2799 779 2831; x_wconf 84' lang='lat' dir='ltr'>‘matris</span> <span class='ocrx_word' id='word_1_462' title='bbox 805 2800 847 2831; x_wconf 83' lang='lat' dir='ltr'>ad</span> <span class='ocrx_word' id='word_1_463' title='bbox 873 2800 956 2830; x_wconf 86' lang='lat' dir='ltr'>arbi·</span> <span class='ocrx_word' id='word_1_464' title='bbox 1003 2804 1012 2818; x_wconf 92' lang='lat'>‘</span> <span class='ocrx_word' id='word_1_465' title='bbox 1026 2801 1207 2832; x_wconf 85' lang='lat' dir='ltr'>Induatur&#39;</span> <span class='ocrx_word' id='word_1_466' title='bbox 1238 2811 1338 2831; x_wconf 82' lang='lat' dir='ltr'>seems</span> <span class='ocrx_word' id='word_1_467' title='bbox 1367 2801 1403 2831; x_wconf 85' lang='lat' dir='ltr'>to</span> <span class='ocrx_word' id='word_1_468' title='bbox 1426 2800 1466 2831; x_wconf 87' lang='lat' dir='ltr'>be</span> <span class='ocrx_word' id='word_1_469' title='bbox 1490 2800 1569 2831; x_wconf 84' lang='lat' dir='ltr'>used</span> <span class='ocrx_word' id='word_1_470' title='bbox 1598 2799 1778 2840; x_wconf 84' lang='lat' dir='ltr'>absolutely</span> 
     </span>
     <span class='ocr_line' id='line_1_45' title="bbox 181 2841 1304 2876; baseline 0.004 -6"><span class='ocrx_word' id='word_1_471' title='bbox 181 2841 296 2871; x_wconf 79' lang='lat' dir='ltr'>trium.</span> <span class='ocrx_word' id='word_1_472' title='bbox 1002 2843 1088 2875; x_wconf 84' lang='lat' dir='ltr'>here.</span> <span class='ocrx_word' id='word_1_473' title='bbox 1134 2845 1193 2876; x_wconf 85' lang='lat' dir='ltr'>See</span> <span class='ocrx_word' id='word_1_474' title='bbox 1208 2854 1235 2875; x_wconf 87' lang='lat' dir='ltr'>c.</span> <span class='ocrx_word' id='word_1_475' title='bbox 1252 2845 1304 2875; x_wconf 82' lang='lat'>29.</span> 
     </span>
    </p>
   </div>
  </div>
 </body>
</html>
