1849 3167
101 130 185 171 296
682 130 750 172 IN
782 128 827 171 C.
859 128 1112 172 VERREM

102 244 212 285 hanc
242 259 332 285 rem
361 243 660 285 adolescentuli
685 260 811 300 quam
836 243 910 299 qui
935 243 1025 299 jam
1055 242 1222 284 firmata
1252 247 1387 284 aetate
1417 244 1687 286 descendunt.

103 310 177 351 Illi
207 310 333 360 enim,
356 316 583 365 antequam
612 314 842 365 potuerunt
873 309 1115 349 existimare
1136 313 1293 363 quanto
1323 309 1493 350 liberior
1517 310 1606 351 vita
1635 309 1690 350 sit

103 391 248 417 eorum
277 376 351 431 qui
380 377 595 417 neminem
624 375 872 423 accusarint,
906 373 1064 428 gloriae
1095 389 1218 415 causa
1248 378 1373 429 atque
1401 375 1692 416 ostentationis

103 447 324 483 accusant:
356 456 444 491 nos,
467 441 540 496 qui
565 441 656 496 jam
684 446 725 481 ct
750 439 853 494 quid
877 439 1014 480 facere
1041 443 1083 480 et
1109 439 1362 494 quantulum
1386 440 1576 496 judicare
1596 455 1689 495 pos-

104 522 240 548 semus
262 507 532 555 ostendimus,
565 506 646 547 nisi
677 505 799 546 facile
830 504 1082 559 cupiditates
1111 510 1275 546 nostras
1304 509 1552 556 teneremus,
1584 521 1691 546 nun-

104 588 232 627 quam
261 572 430 628 ipsimet
459 571 579 613 nobis
606 570 940 626 praecideremus
968 570 1095 612 istam
1120 570 1338 612 licentiam
1370 571 1692 626 libertatemque

104 637 288 680 vivendi.
692 680 695 684 ,

162 703 224 744 Π.
257 702 401 757 Atque
431 717 509 757 ego
539 702 618 743 1100
647 701 743 756 plus
777 700 916 742 oneris
950 701 1083 743 habeo
1115 717 1243 756 quam
1277 701 1351 756 qui
1380 707 1536 744 ceteros
1571 717 1690 743 accu-

105 773 263 817 sarunt,
300 768 335 809 si
371 783 474 808 onus
507 772 569 808 est
608 767 653 808 id
687 767 988 822 appellandum
1024 767 1137 822 quod
1168 782 1264 808 cum
1303 767 1465 808 laetitia
1495 768 1604 809 feras
1644 782 1691 808 ac

103 834 332 888 voluptate,
355 837 648 874 verumtamen
673 847 750 887 ego
775 832 853 873 hoc
878 832 1059 887 amplius
1089 832 1251 887 suscepi
1271 848 1398 888 quam
1419 833 1558 882 ceteri,
1580 833 1693 888 quod

104 899 164 940 ita
199 898 436 953 postulatur
471 899 524 939 ab
554 898 747 939 omnibus
777 902 825 938 ut
856 898 908 939 ab
937 897 989 938 iis
1020 898 1259 939 abstineant
1288 898 1472 940 maxime
1501 899 1617 939 vitiis
1646 898 1693 938 in

104 963 255 1018 quibus
296 963 477 1004 alterum
515 962 878 1018 reprehenderint.
958 962 1117 1004 Furem
1157 963 1342 1019 aliquem
1381 968 1455 1005 aut
1499 979 1693 1019 rapacem

105 1029 337 1070 accusaris:
388 1029 564 1070 vitanda
607 1028 687 1070 tibi
735 1044 899 1083 semper
943 1028 1024 1069 erit
1071 1029 1206 1070 omnis
1251 1029 1453 1071 avaritiae
1500 1029 1691 1084 suspicio.

104 1095 347 1136 Maleficum
392 1095 634 1150 quempiam
673 1094 898 1136 adduxeris
937 1100 1011 1135 aut
1051 1095 1287 1136 crudelem:
1339 1096 1574 1136 cavendum
1613 1094 1694 1135 erit

105 1176 268 1215 semper
287 1175 340 1202 ne
361 1176 444 1215 qua
465 1161 511 1201 in
531 1176 575 1202 re
597 1161 781 1216 asperior
809 1165 882 1201 aut
907 1160 1180 1201 inhumanior
1201 1160 1328 1202 fuisse
1349 1161 1529 1202 videare.
1591 1160 1691 1201 Cor-

104 1230 331 1280 ruptorem,
369 1225 632 1267 adulterum:
673 1225 983 1280 providendum
1021 1225 1251 1280 diligenter
1289 1241 1343 1268 ne
1378 1226 1490 1281 quod
1523 1225 1570 1267 in
1603 1226 1694 1267 vita

103 1291 335 1346 vestigium
363 1290 553 1332 libidinis
584 1295 795 1345 appareat.
858 1290 1012 1332 Omnia
1041 1297 1251 1346 postremo
1272 1306 1378 1346 quae
1398 1291 1627 1332 vindicaris
1646 1291 1694 1331 in

105 1356 237 1397 altero
277 1356 356 1397 tibi
396 1356 478 1411 ipsi
508 1356 780 1397 vehementer
819 1354 1023 1411 fugienda
1063 1361 1172 1397 sunt.
1245 1356 1418 1397 Etenim
1449 1371 1533 1397 non
1570 1356 1693 1397 modo

105 1428 320 1465 accusator
349 1423 421 1464 sed
450 1438 503 1464 ne
534 1423 779 1479 objurgator
809 1423 980 1478 quidem
1009 1423 1205 1464 ferendus
1235 1428 1297 1464 est
1326 1423 1362 1465 is
1392 1424 1466 1478 qui
1496 1424 1608 1478 quod
1646 1423 1693 1463 in

105 1490 237 1531 altero
257 1489 411 1531 vitium
441 1489 713 1543 reprehendit
742 1488 789 1529 in
819 1504 866 1530 eo
889 1489 978 1543 ipse
1008 1488 1349 1543 deprehenditur.
1410 1489 1504 1543 Ego
1533 1488 1579 1528 in
1608 1503 1693 1529 uno

104 1555 275 1596 homine
296 1554 436 1595 omnia
457 1554 562 1594 vitia
583 1569 689 1609 quae
709 1559 883 1609 possunt
900 1554 946 1594 in
966 1553 1137 1594 homine
1157 1554 1322 1608 perdito
1342 1553 1585 1608 nefarioque
1606 1569 1693 1595 esse

104 1620 389 1675 reprehend03
420 1619 588 1660 nullum
610 1634 696 1660 esse
717 1619 809 1660 dico
830 1619 1036 1660 indicium
1055 1619 1257 1668 libidinis,
1281 1619 1458 1668 sceleris,
1481 1619 1691 1669 audaciae,

105 1687 217 1742 quod
237 1701 322 1726 non
342 1685 388 1726 in
408 1684 529 1726 istius
550 1684 675 1726 unius
695 1685 783 1726 vita
813 1685 1048 1740 perspicere
1071 1684 1252 1740 possitis.
1313 1685 1407 1739 Ego
1437 1684 1483 1725 in
1512 1684 1592 1726 isto
1622 1700 1693 1726 reo

104 1752 244 1807 legem
275 1752 385 1792 hanc
421 1750 542 1799 mihi,
571 1750 748 1806 judices,
781 1756 931 1800 statuo,
962 1751 1194 1792 vivendum
1224 1750 1284 1791 ita
1314 1765 1400 1791 esse
1429 1755 1477 1791 ut
1507 1750 1579 1791 isti
1606 1766 1694 1791 non

105 1818 228 1859 modo
261 1817 383 1859 factis
423 1816 629 1871 dictisque
661 1816 855 1858 omnibus
896 1817 969 1858 sed
1008 1817 1137 1858 etiam
1170 1816 1253 1858 oris
1288 1816 1584 1871 oculorumque
1618 1816 1694 1857 illa

105 1882 369 1924 contumacia
397 1897 444 1923 ac
471 1882 666 1937 superbia
691 1898 818 1938 quam
838 1882 991 1924 videtis
1021 1882 1325 1924 dissimillimus
1347 1897 1433 1923 esse
1454 1897 1501 1923 ac
1531 1897 1694 1937 semper

105 2015 198 2045 those
213 2014 285 2045 who
307 2014 437 2045 become
460 2023 605 2044 accuser-s
628 2016 663 2044 at
679 2024 696 2044 a
712 2024 800 2044 more
822 2014 877 2044 ad-

106 2058 229 2088 vanced
244 2058 324 2088 time
350 2058 387 2088 of
407 2057 484 2088 life?
529 2057 591 2097 Lg.
607 2059 648 2088 42
676 2057 714 2094 E,
740 2057 776 2088 M
795 2058 878 2088 have

107 2105 118 2118 '
127 2101 326 2142 percipitur?

151 2146 182 2174 et
198 2143 414 2184 quidfaeere]
462 2147 483 2161 “
493 2143 621 2180 Facere,
645 2153 709 2173 non
732 2143 774 2173 ad
796 2153 875 2174 onus

922 2014 960 2044 of
969 2013 1207 2054 interrogation
1223 2023 1277 2044 are
1293 2013 1372 2044 used
1386 2013 1484 2044 much
1509 2015 1564 2044 too
1590 2013 1692 2054 freely

921 2057 956 2087 in
972 2067 1031 2088 our
1043 2057 1142 2087 Latin
1152 2059 1249 2093 texts,
1263 2057 1326 2088 and
1338 2057 1417 2097 they
1429 2067 1483 2087 are
1492 2059 1550 2087 not
1562 2057 1692 2087 wanted

921 2101 1009 2131 here.
1054 2101 1089 2131 It
1114 2111 1190 2141 may
1205 2101 1243 2131 be
1259 2100 1426 2136 rendered,
1452 2104 1603 2140 ‘suppose
1627 2110 1692 2140 you

920 2154 1032 2174 accuse
1048 2154 1067 2174 a
1082 2154 1159 2174 man
1174 2143 1211 2174 of
1222 2144 1310 2174 theft
1326 2154 1363 2174 or
1379 2143 1540 2183 robbery,'
1556 2143 1606 2173 for
1622 2147 1690 2173 ‘ra-

108 2187 289 2223 accusandi,
306 2187 361 2217 sed
377 2187 417 2217 ad
432 2187 599 2217 universae
611 2187 699 2217 vitae
714 2187 875 2217 rationem

108 2230 213 2260 refero
224 2230 254 2259 :³³
280 2230 316 2259 P.
340 2230 520 2260 Manutius.
571 2230 638 2260 The
660 2230 813 2270 meaning
843 2230 880 2260 of

109 2273 324 2313 ‘quantulum
350 2273 517 2313 judicare’
548 2273 575 2303 is
604 2275 662 2303 not
693 2273 788 2309 clear,
813 2273 878 2303 and

108 2316 167 2346 the
190 2318 442 2346 commentators
465 2326 520 2356 say
544 2316 684 2356 nothing
707 2316 807 2346 about
838 2316 876 2346 it.

110 2359 213 2389 There
226 2359 252 2388 is
269 2369 287 2388 a
302 2359 437 2399 reading
454 2362 463 2375 ‘
475 2359 603 2395 dicere,'
628 2359 688 2399 Lg.
715 2361 756 2389 42
781 2370 812 2399 p.
832 2369 876 2389 m.

108 2402 152 2439 N,
171 2402 299 2432 Iordan.
331 2405 340 2418 ‘
352 2401 493 2437 Facere‚'
511 2405 520 2418 ‘
531 2402 637 2432 dicere
649 2402 658 2414 ²
675 2402 781 2432 would
795 2402 876 2432 then

110 2455 236 2486 express
257 2445 346 2475 what
369 2444 480 2475 Cicero
505 2445 599 2474 could
626 2445 676 2480 do,
701 2445 765 2475 and
787 2445 876 2475 what

109 2489 150 2519 he
181 2488 275 2519 could
304 2498 370 2528 say.
416 2488 484 2517 But
509 2488 654 2518 ‘facere'
686 2498 819 2527 appears
841 2490 876 2518 to

109 2532 194 2563 refer
220 2534 255 2562 to
279 2531 328 2561 his
354 2532 426 2571 past
452 2530 517 2566 life,
546 2531 619 2566 and,
645 2542 678 2561 as
706 2530 876 2561 Hotmann

109 2586 191 2616 says,
208 2574 362 2615 probably
378 2576 413 2604 to
429 2574 478 2603 his
501 2573 641 2604 conduct
663 2574 697 2603 in
722 2573 819 2614 Sicily
843 2584 877 2604 as

109 2621 270 2659 quaestor,
285 2617 389 2648 under
406 2617 476 2647 Sex.
501 2616 695 2652 Peducaeus,
716 2616 765 2646 his
786 2627 876 2656 prae-

109 2665 172 2692 tor.
231 2661 274 2691 ‘J
278 2660 427 2691 udicare’
452 2660 533 2690 then
556 2670 632 2701 may
658 2660 743 2690 refer
766 2662 802 2690 to
826 2660 876 2689 his

105 2705 281 2745 judgment
297 2715 332 2735 or
347 2703 531 2734 discretion.

154 2749 185 2778 2.
209 2748 329 2777 Fut-eni
347 2771 354 2777 .
372 2770 379 2777 .
396 2746 563 2777 accusaris
571 2745 597 2787 r]
645 2745 679 2776 It
695 2745 721 2776 is
737 2745 829 2775 usual
844 2748 880 2776 to

109 2791 199 2831 place
215 2801 234 2821 a
249 2794 325 2821 note
337 2791 373 2821 of
384 2790 620 2830 interrogation
636 2789 670 2819 in
686 2789 764 2819 such
780 2799 876 2825 cases,

111 2845 145 2864 as
156 2834 275 2873 Zumpt
285 2834 361 2864 here
377 2834 451 2864 does
467 2833 552 2864 after
568 2832 768 2868 ‘accusaris,'
786 2835 794 2848 ‘
805 2842 876 2862 cru-

111 2877 236 2914 delem,'
253 2877 316 2907 aud
333 2876 558 2908 ‘adulterum.'
596 2876 663 2906 But
679 2876 769 2907 these
784 2877 876 2906 notes

918 2197 1030 2227 pacem
1043 2187 1052 2201 '
1080 2187 1227 2217 contains
1253 2187 1309 2217 the
1336 2187 1449 2217 notion
1476 2186 1513 2216 of
1535 2190 1545 2202 ‘
1556 2186 1670 2226 rapina
1681 2186 1691 2199 '

921 2230 1044 2270 (Gaius,
1071 2230 1116 2260 iii.
1143 2231 1216 2265 209,
1253 2233 1262 2246 ‘
1272 2229 1336 2266 Qui
1362 2239 1412 2259 res
1438 2229 1556 2259 alienas
1593 2229 1690 2269 rapit,

920 2275 1054 2303 tenetur
1069 2273 1167 2303 etiam
1184 2273 1288 2308 furti‚'
1305 2272 1386 2311 ἀει).
1427 2271 1468 2302 Ι11
1483 2272 1540 2302 the
1556 2282 1689 2313 passage

921 2316 958 2346 of
976 2316 1116 2346 Terence
1144 2315 1307 2355 (Emmch.
1323 2315 1356 2345 ii.
1375 2317 1404 2345 2.
1421 2315 1488 2355 21),
1505 2315 1625 2355 quoted
1647 2316 1691 2356 by

920 2358 1034 2389 Cicero
1051 2358 1113 2399 (De
1129 2360 1201 2388 Am.
1219 2368 1245 2389 c.
1256 2358 1323 2398 25),
1336 2358 1465 2398 ‘Negat
1475 2358 1564 2398 quis3
1592 2369 1690 2399 nego:

920 2402 986 2438 ait;
1011 2401 1060 2432 aio
1070 2402 1090 2438 ς’
1124 2402 1152 2432 it
1178 2401 1205 2431 is
1232 2401 1324 2431 usual
1346 2404 1381 2431 to
1405 2402 1494 2441 place
1517 2412 1536 2431 a
1558 2405 1634 2432 note
1658 2402 1695 2432 of

919 2444 1157 2484 interrogation
1174 2445 1258 2475 after
1276 2448 1285 2461 ‘
1297 2445 1367 2485 quis
1378 2445 1387 2457 ³
1403 2445 1467 2474 and
1483 2445 1568 2475 after
1593 2445 1659 2475 ‘ait
1669 2445 1691 2481 ;'

919 2488 980 2518 but
995 2487 1200 2528 incorrectly.
1247 2488 1304 2518 See
1322 2488 1486 2528 Seyffert’s
1503 2491 1579 2518 note
1594 2488 1629 2519 in
1640 2488 1691 2519 his

920 2531 1043 2562 edition
1058 2531 1094 2561 of
1105 2531 1161 2561 the
1178 2531 1226 2561 De
1242 2531 1406 2561 Amicitia.

964 2574 1036 2614 Eyo
1052 2574 1086 2603 in
1102 2574 1164 2604 isto
1181 2574 1252 2615 reo]
1293 2578 1303 2591 ‘
1313 2575 1419 2605 then
1433 2574 1449 2604 1
1462 2574 1643 2605 undertake
1655 2576 1690 2605 to

919 2617 959 2647 be
971 2617 1027 2647 the
1040 2620 1225 2657 prosecutor
1235 2618 1271 2648 of
1282 2618 1348 2648 this
1357 2628 1433 2648 man
1445 2618 1549 2648 whom
1563 2618 1579 2648 I
1592 2618 1689 2658 bring

919 2660 1027 2690 before
1043 2671 1116 2700 you,
1135 2661 1150 2690 Ι
1167 2671 1218 2691 am
1234 2661 1393 2701 imposing
1408 2661 1499 2691 these
1523 2663 1624 2691 terms
1647 2671 1688 2691 on

923 2703 1059 2743 myself?
1105 2704 1181 2734 This
1203 2715 1259 2735 1150
1282 2705 1318 2735 of
1337 2704 1411 2734 ‘in'
1435 2704 1516 2734 with
1531 2704 1588 2734 the
1604 2704 1690 2734 abla-

923 2746 991 2777 tive
1011 2747 1037 2776 is
1061 2747 1132 2778 best
1157 2747 1263 2778 learnt
1287 2748 1330 2787 by
1357 2747 1534 2788 examples:
1570 2747 1636 2777 ‘Et
1656 2747 1690 2777 in

921 2789 981 2820 hoc
1007 2790 1157 2827 homine‚'
1176 2801 1202 2821 c.
1219 2792 1249 2821 3.
1294 2791 1397 2820 There
1413 2800 1467 2821 are
1482 2800 1580 2831 many
1595 2790 1690 2821 other

921 2833 1081 2874 examples
1096 2834 1130 2864 in
1145 2834 1236 2865 these
1252 2834 1404 2865 orations.
