1849 3167
187 123 269 163 610
768 122 836 165 ΙΝ
868 122 913 164 0.
947 121 1202 164 VERREM

189 235 336 277 fecisse
365 234 493 277 dicit:
525 235 600 291 qui
624 251 720 277 cum
748 236 928 292 amplius
954 240 1126 278 centum
1156 235 1268 277 cives
1291 235 1504 279 Romanos
1529 237 1705 279 haberet
1731 252 1785 278 ex

187 305 400 342 conventu
427 300 689 356 Syracusano
714 302 788 356 qui
816 317 911 342 cum
939 317 1024 342 non
1050 301 1183 342 solum
1214 307 1525 356 cognoscerent,
1554 304 1626 344 sed
1655 302 1784 343 etiam

187 365 457 407 lacrimantes
488 382 535 407 ac
565 372 607 408 te
642 367 918 421 implorantes
953 366 1240 416 defenderent,
1274 372 1415 407 tamen
1451 367 1785 422 inspectantibus

190 431 385 472 omnibus
418 431 691 486 Syracusanis
728 432 863 474 securi
897 447 1116 486 percussus
1149 437 1224 472 est.
1285 432 1414 473 Hunc
1442 447 1607 487 quoque
1634 437 1785 473 testem

190 511 332 537 meum
353 496 501 546 refelli,
517 502 559 538 et
579 497 704 537 illum
717 497 984 538 Herennium
1005 497 1296 538 Sertorianum
1316 497 1442 538 fuisse
1464 497 1536 538 abs
1552 503 1594 538 te
1615 497 1785 538 demon-

190 561 316 603 strari
338 566 380 602 et
400 562 569 616 probari
589 562 696 603 volo.

247 625 341 668 LX.
376 626 489 673 Quid
510 628 561 668 de
582 627 656 668 illa
676 626 951 668 multitudine
972 626 1158 668 dicemus
1179 642 1322 668 eorum
1343 627 1417 682 qui
1438 627 1646 682 capitibus
1665 627 1785 668 invo-

189 690 291 732 lutis
312 691 359 732 in
378 692 614 746 piratarum
630 691 1023 748 captivorum[que]
1043 707 1218 734 numero
1231 693 1571 747 producebantur
1584 697 1632 733 ut
1652 691 1788 734 securi

189 755 452 798 ferirentur?
513 756 630 803 Quae
662 757 743 798 ista
777 772 886 799 nova
918 757 1155 812 diligentia,
1189 773 1316 813 quam
1352 758 1405 799 ob
1440 773 1608 799 causam
1642 758 1715 799 abs
1744 761 1788 798 te

191 821 465 876 excogitata?
523 821 596 863 An
617 827 658 863 te
680 822 728 863 L.
751 822 893 863 Flavii
913 827 1230 878 ceterorumque
1251 824 1302 864 de
1323 823 1369 864 T.
1393 823 1611 864 Herennio
1631 821 1786 864 vocife-

191 886 300 927 ratio
321 887 643 929 commovebat?
665 903 720 929 an
740 887 800 928 M.
819 887 968 937 Annii,
987 887 1228 942 gravissimi
1249 893 1375 943 atque
1390 887 1675 929 honestissimi
1690 887 1786 936 viri,

191 967 355 993 summa
385 952 612 994 auctoritas
640 953 767 1008 paulo
791 952 1108 1007 diligentiorem
1130 954 1471 1009 timidioremque
1496 953 1684 995 fecerat?
1714 951 1789 1007 qui

190 1031 327 1072 nuper
356 1032 433 1072 pro
460 1018 701 1059 testimonio
730 1033 817 1059 non
843 1019 1052 1060 advenam
1078 1020 1218 1060 nescio
1243 1035 1369 1075 quem
1394 1034 1472 1060 nec
1496 1019 1694 1067 alienum,
1716 1017 1789 1058 sed

192 1097 290 1123 eum
310 1082 446 1123 civem
466 1083 708 1124 Romanum
720 1083 795 1138 qui
815 1084 1010 1125 omnibus
1029 1083 1075 1124 in
1096 1084 1170 1125 illo
1186 1090 1397 1126 conventu
1417 1089 1552 1134 notus,
1568 1083 1642 1138 qui
1663 1083 1787 1137 Syra-

194 1147 303 1188 cusis
334 1153 459 1189 natus
491 1154 610 1199 esset,
641 1149 713 1190 abs
738 1154 780 1190 te
811 1148 946 1190 securi
974 1164 1218 1204 percussum
1245 1166 1332 1192 esse
1363 1150 1485 1191 dixit.
1547 1149 1649 1190 Post
1677 1149 1789 1189 hanc

193 1211 363 1253 illorum
384 1213 741 1264 vociferationem,
763 1221 857 1269 post
888 1215 998 1255 hanc
1028 1230 1294 1256 communem
1314 1215 1471 1256 famam
1498 1220 1624 1270 atque
1652 1213 1789 1269 queri-

194 1277 394 1327 moniam,
408 1293 494 1319 non
507 1279 651 1320 mitior
663 1279 708 1319 in
722 1279 927 1334 supplicio
941 1281 1013 1321 sed
1026 1280 1275 1336 diligentior
1288 1296 1374 1321 esse
1388 1280 1536 1334 coepit.
1570 1278 1790 1333 Capitibus

193 1341 396 1383 involutis
418 1342 529 1384 cives
550 1343 763 1385 Romanos
788 1345 841 1385 ad
870 1359 1017 1385 necem
1043 1346 1274 1400 producere
1294 1345 1492 1393 instituit,
1517 1359 1619 1399 quos
1647 1349 1790 1385 tamen

194 1406 351 1449 idcirco
380 1409 559 1450 necabat
588 1409 743 1464 palam,
766 1410 878 1464 quod
908 1410 1101 1451 homines
1130 1411 1176 1451 in
1206 1415 1428 1460 conventu,
1450 1410 1495 1450 id
1525 1410 1637 1465 quod
1667 1415 1791 1450 antea
1814 1445 1818 1448 .

194 1471 298 1522 dixi,
316 1473 498 1515 nimium
519 1475 749 1530 diligenter
769 1475 1030 1530 praedonum
1044 1491 1269 1517 numerum
1284 1475 1566 1530 requirebant.
1601 1474 1791 1515 Haecine

193 1537 309 1592 plebi
341 1538 559 1581 Romanae
590 1544 633 1581 te
664 1545 858 1595 praetore
889 1544 951 1581 est
983 1540 1212 1582 constituta
1244 1540 1462 1582 conditio?
1494 1540 1597 1581 haec
1628 1539 1793 1595 negotii

195 1603 371 1657 gerendi
406 1605 533 1658 spes?
569 1605 648 1646 hoc
684 1605 834 1659 capitis
866 1605 1064 1660 vitaeque
1095 1605 1355 1646 discrimen?
1414 1605 1627 1646 Parumne
1657 1604 1793 1646 multa

193 1668 497 1710 mercatoribus
518 1674 616 1710 sunt
638 1669 870 1711 necessario
890 1670 1079 1724 pericula
1099 1670 1316 1711 subeunda
1337 1669 1543 1720 fortunae,
1559 1670 1643 1711 nisi
1663 1670 1793 1711 etiam

193 1732 274 1773 hae
295 1732 541 1775 formidines
569 1734 622 1775 ab
641 1734 796 1776 nostris
820 1735 1143 1790 magistratibus
1170 1741 1297 1790 atque
1317 1734 1363 1775 in
1386 1735 1540 1776 nostris
1564 1735 1793 1790 provinciis

194 1797 535 1852 impendebunt?
606 1799 678 1840 Ad
714 1815 862 1841 eamne
901 1816 993 1841 rem
1027 1800 1109 1841 fuit
1148 1801 1251 1841 haec
1291 1801 1531 1842 suburbana
1571 1817 1618 1843 ac
1657 1801 1794 1844 fidelis

194 1861 351 1914 Sicilia,
392 1864 518 1918 plena
558 1865 815 1919 optimorum
856 1866 1063 1907 sociorum
1101 1865 1576 1921 honestissimorumque
1621 1867 1791 1917 civium,

195 1943 302 1983 quae
333 1929 445 1970 cives
473 1929 687 1971 Romanos
717 1946 862 1972 omnes
892 1931 977 1972 suis
1007 1932 1099 1986 ipsa
1129 1931 1295 1973 sedibus
1323 1931 1600 1972 libentissime
1630 1947 1795 1987 semper

196 1995 369 2049 accepit,
392 2000 453 2045 ut,
476 1996 551 2050 qui
580 2011 711 2051 usque
737 2011 790 2037 ex
819 1996 972 2038 ultima
996 1997 1120 2052 Syria
1150 2002 1276 2052 atque
1295 1995 1497 2051 Aegypto
1527 1997 1792 2052 navigarent,

195 2059 270 2114 qui
298 2061 412 2115 apud
436 2062 635 2103 barbaros
658 2067 831 2117 propter
857 2067 982 2117 togae
1006 2077 1163 2103 nomen
1190 2063 1236 2102 in
1262 2062 1420 2103 honore
1440 2061 1582 2116 aliquo
1602 2062 1792 2112 fuissent,

196 2124 271 2179 qui
295 2140 348 2166 ex
374 2127 635 2180 praedonum
662 2127 840 2177 insidiis,
863 2127 938 2182 qui
966 2143 1019 2169 ex
1042 2132 1341 2182 tempestatum
1361 2126 1558 2182 periculis
1582 2127 1794 2182 profugis-

198 2195 304 2240 sent,
342 2190 388 2231 in
420 2190 565 2233 Sicilia
597 2192 733 2234 securi
765 2192 1008 2244 ferirentur,
1043 2208 1175 2249 quum
1214 2208 1257 2234 se
1292 2192 1383 2248 jam
1421 2191 1593 2232 domum
1633 2193 1795 2234 venisse

198 2255 507 2297 arbitrarentur
521 2257 541 2299 i>

255 2319 376 2361 LXI.
418 2321 532 2363 Nam
561 2321 666 2377 quid
700 2337 779 2378 ego
815 2323 868 2365 de
897 2323 946 2365 P.
981 2322 1129 2374 Gavio,
1163 2322 1355 2364 Consano
1384 2320 1610 2377 municipe,
1641 2321 1794 2373 dicam,

243 2466 387 2505 amplius
402 2466 543 2506 eentum]
591 2466 650 2497 See
666 2466 738 2497 Lib
756 2468 786 2497 1.
803 2477 830 2498 0.
848 2467 878 2499 5.
1021 2468 1048 2498 is
1063 2468 1098 2498 in
1113 2469 1170 2499 the
1194 2469 1351 2510 territory
1375 2468 1412 2499 of
1430 2468 1488 2499 the
1515 2468 1659 2518 Hirpini,
1683 2469 1747 2499 and
1768 2468 1796 2498 is

243 2508 297 2539 60.
321 2509 400 2539 haee
424 2509 628 2549 suburbana]
676 2509 834 2550 Compare
856 2511 928 2540 Lib.
945 2512 975 2541 2.
1021 2512 1178 2551 supposed
1203 2514 1238 2543 to
1262 2512 1302 2542 be
1327 2512 1385 2542 the
1408 2511 1498 2567 place
1524 2512 1599 2542 that
1625 2512 1651 2542 is
1674 2513 1794 2542 meant.

201 2561 229 2582 c.
246 2552 303 2587 3,‘
306 2552 370 2582 ‘sic
393 2552 511 2592 populo
533 2552 679 2582 Romano
700 2552 847 2592 jucunda
862 2554 977 2584 subur·
1021 2554 1089 2585 The
1119 2555 1424 2591 fi›11n‘,'Consano
1451 2555 1535 2585 from
1567 2554 1747 2595 ‘Compsass
1768 2554 1795 2583 is

199 2594 329 2625 banitas
344 2597 393 2626 est
409 2595 541 2635 hujusce
556 2605 594 2635 pl
596 2595 761 2625 ovmcme
1021 2598 1180 2638 certainly
1195 2600 1254 2628 not
1270 2598 1357 2628 what
1373 2608 1420 2628 we
1436 2598 1551 2628 should
1577 2600 1711 2638 expect·
1701 2620 1711 2633 ,
1733 2597 1795 2626 but

245 2640 340 2677 ioqae
389 2638 518 2679 women]
579 2638 798 2678 Accordingly
850 2639 977 2670 Roman
1022 2640 1239 2680 ‘Compsanus
1249 2641 1258 2654 ³
1296 2651 1371 2681 may
1400 2641 1482 2671 have
1511 2641 1593 2671 been
1622 2639 1795 2678 corrupted

202 2680 335 2711 citizens
350 2692 434 2711 were
450 2681 577 2711 called‘
589 2681 717 2721 togati?
1020 2683 1091 2713 into
1108 2688 1116 2700 ‘
1130 2683 1316 2714 Consanus!
1363 2684 1403 2713 In
1419 2683 1512 2724 Livy,
1536 2684 1623 2714 xxiii.
1649 2684 1678 2718 1,
1701 2682 1794 2712 there

245 2724 298 2753 61.
327 2724 491 2765 Consano]
539 2724 642 2754 There
658 2724 684 2753 15
699 2724 756 2754 the
772 2723 844 2754 best
859 2725 974 2755 autho·
1019 2726 1045 2755 is
1062 2730 1071 2743 ‘
1084 2726 1221 2766 Compsa
1233 2727 1241 2739 ’
1258 2727 1322 2756 and
1339 2730 1348 2744 ‘
1359 2726 1556 2766 Compsanus
1568 2727 1577 2740 ³
1593 2726 1627 2756 in
1649 2725 1706 2755 the
1728 2724 1794 2754 cdi-

202 2765 269 2805 rity
285 2767 335 2796 for
352 2771 361 2783 ‘
373 2767 541 2803 Consano,'
557 2768 617 2797 but
634 2767 726 2797 there
741 2767 768 2796 is
783 2767 848 2797 also
861 2768 975 2798 autho·
1019 2769 1115 2801 tions.
1161 2769 1260 2800 Orelli
1276 2770 1375 2800 refers
1391 2772 1426 2800 to
1442 2780 1469 2800 c.
1491 2770 1543 2806 66,
1567 2767 1671 2799 which
1694 2776 1794 2796 seems

203 2808 270 2848 rity
286 2809 336 2839 for
352 2813 361 2826 ‘
374 2810 527 2841 Cossano’
543 2810 608 2841 and
625 2814 633 2827 ‘
644 2809 788 2841 Cosano.’
834 2809 930 2841 Cossa
950 2810 976 2841 is
1022 2813 1055 2841 to
1072 2812 1170 2849 show,
1188 2823 1221 2843 as
1245 2813 1286 2843 he
1311 2812 1435 2849 thinks,
1462 2813 1539 2843 that
1562 2812 1619 2842 the
1644 2810 1737 2840 home
1761 2809 1798 2839 of

203 2860 246 2881 an
263 2851 425 2884 Etruscan
441 2855 540 2884 town.
586 2853 732 2893 Compsa,
759 2863 832 2884 now
859 2852 975 2890 Conza,
1021 2854 1143 2887 Gavius
1159 2866 1223 2889 was
1239 2855 1273 2889 in
1290 2855 1454 2887 Southern
1471 2855 1560 2896 Italy
1568 2866 1578 2892 ,ς
1600 2853 1662 2883 but
1676 2851 1743 2886 this
1765 2852 1793 2881 is
