1849 3167
154 134 235 176 126
740 132 808 175 IN
839 131 884 174 O.
917 131 1169 174 VERREM

150 249 260 290 hanc
287 263 415 303 quam
442 262 518 289 nos
546 246 836 303 proposuimus
865 262 995 301 quum
1024 245 1196 286 illorum
1224 245 1464 289 testimonia
1493 252 1585 289 tum
1613 247 1735 290 istius

150 314 418 355 taciturnitas
438 318 640 368 perpetua
660 313 879 354 confirmat
895 314 913 352 Ρ

208 379 401 421 ΧΧΧΙΙ.
434 379 548 419 Huic
569 378 730 419 homini
746 377 923 432 parcetis
944 375 1089 431 igitur,
1106 374 1281 431 judices,
1296 377 1413 433 cujus
1435 383 1553 420 tanta
1567 384 1737 434 peccata

153 450 251 488 sunt
271 452 318 486 ut
334 445 366 486 ii
386 445 539 500 quibus
559 444 737 499 injurias
758 442 903 483 fecerit
916 456 1051 496 neque
1064 440 1304 496 legitimum
1318 447 1483 498 tempus
1497 449 1738 499 exspectare

153 512 208 553 ad
226 510 512 558 ulciscendum
532 524 667 563 neque
687 508 775 549 vim
794 512 959 547 tantam
979 506 1132 553 doloris
1147 506 1192 547 in
1205 512 1416 561 posterum
1432 509 1598 551 differre
1618 518 1738 564 potu-

153 577 265 618 erint
279 577 299 618 P
353 575 656 617 Circumsessus
691 588 744 613 es.
800 572 843 613 A
874 571 1059 627 quibus?
1117 571 1160 612 A
1189 572 1484 628 Lampsacenis
1502 591 1510 616 :
1551 575 1740 616 barbaris

153 641 406 691 hominibus,
431 640 564 689 credo,
589 643 660 680 aut
681 637 732 678 iis
762 637 836 692 qui
858 637 1005 692 populi
1032 637 1215 678 Romani
1238 653 1391 680 nomen
1411 644 1738 681 contemnerent.

155 708 294 763 Im-mo
324 722 422 748 vero
453 706 504 747 ab
533 703 773 745 hominibus
795 708 836 744 et
865 709 1018 744 natura
1047 708 1088 744 et
1118 704 1418 761 consu—etudine
1447 711 1489 746 et
1518 705 1742 760 disciplina

155 772 394 821 lenissimis,
426 785 549 826 porro
579 774 720 826 autem
749 768 895 824 populi
925 768 1109 809 Romani
1138 769 1376 811 conditione
1407 770 1539 820 sociis,
1571 770 1742 811 fortuna

156 839 296 888 servis,
319 837 535 878 voluntate
556 834 838 890 supplicibus;
870 838 918 875 ut
938 834 1206 894 perspicpum
1226 835 1280 876 sit
1301 835 1505 885 omnibus,
1520 835 1602 877 nisi
1622 841 1742 876 tanta

156 904 360 946 acerbitas
380 901 572 957 injuriae,
595 905 716 941 tanta
737 900 801 941 vis
822 899 987 941 sceleris
1008 899 1166 950 fuisset,
1189 905 1236 941 ut
1259 900 1534 955 Lampsaceni
1560 901 1741 942 morien-

155 971 256 1011 dum
277 968 356 1010 sibi
375 967 513 1023 potius
533 982 660 1022 quam
679 966 1001 1021 perpetiendum
1012 970 1223 1021 putarent,
1237 981 1455 1021 nunquam
1475 965 1570 1007 illos
1589 966 1635 1006 in
1648 981 1746 1007 eum

155 1035 293 1076 locum
312 1048 604 1089 progressuros
624 1032 752 1073 fuisse
772 1038 820 1073 ut
840 1031 1132 1073 vehementius
1163 1031 1257 1072 odio
1280 1030 1469 1072 libidinis
1489 1036 1586 1072 tuae
1616 1046 1745 1086 quam

155 1099 379 1156 legationis
399 1103 517 1139 metu
536 1102 817 1139 moverentur.
878 1096 1034 1147 Nolite,
1065 1112 1140 1152 per
1169 1097 1267 1137 deos
1296 1096 1565 1146 immortales,
1597 1111 1757 1152 cogere

156 1167 285 1208 socios
306 1170 430 1220 atque
451 1168 615 1205 exteras
628 1163 819 1204 nationes
833 1162 912 1205 hoc
924 1162 988 1203 uti
1002 1162 1196 1225 perssugio
1213 1177 1307 1217 quo,
1324 1161 1408 1203 nisi
1420 1177 1492 1203 vos
1506 1161 1743 1211 vindicatis,

156 1236 330 1273 utentur
359 1229 602 1271 necessario.
664 1228 969 1283 Lampsacenos
989 1228 1034 1268 in
1050 1227 1179 1269 istum
1199 1242 1418 1282 nunquam
1437 1227 1525 1268 ulla
1545 1242 1610 1268 res
1630 1227 1744 1268 miti-

158 1302 307 1353 gasset,
329 1295 411 1336 nisi
433 1310 529 1336 eum
548 1309 703 1349 poenas
723 1294 884 1335 Romae
912 1294 1111 1334 daturum
1143 1292 1430 1334 credidissent.
1491 1292 1586 1333 Etsi
1616 1292 1747 1333 talem

159 1366 404 1417 acceperant
424 1359 626 1416 injuriam
647 1375 775 1415 quam
794 1359 913 1400 nulla
932 1359 1027 1414 lege
1048 1358 1148 1399 satis
1179 1358 1308 1413 digne
1337 1357 1533 1413 persequi
1562 1363 1745 1412 possent,

158 1434 301 1469 tamen
321 1426 586 1478 incommoda
606 1440 679 1466 sua
706 1425 860 1466 nostris
892 1424 1154 1465 committere
1185 1423 1350 1479 legibus
1370 1429 1412 1464 et
1427 1423 1599 1479 judiciis
1621 1438 1749 1478 quam

159 1493 293 1535 dolori
314 1508 386 1533 suo
405 1491 650 1546 permittere
669 1490 924 1531 maluerunt.
987 1489 1053 1530 Tu
1072 1489 1370 1544 mihi—quum
1400 1489 1694 1529 circumsessus
1725 1504 1749 1529 a

158 1563 248 1600 tam
273 1557 429 1599 illustri
450 1556 620 1598 civitate
642 1556 697 1597 sis
720 1549 891 1611 propter
911 1559 1033 1595 tuum
1053 1554 1185 1595 scelus
1205 1560 1331 1609 atque
1351 1553 1586 1609 flagitium3
1618 1569 1751 1608 quum

159 1624 345 1679 coegeris
374 1622 566 1664 homines
596 1621 768 1663 miseros
799 1625 841 1662 et
871 1620 1134 1662 calamitosos
1164 1619 1285 1674 quasi
1324 1618 1556 1673 desperatis
1595 1618 1750 1659 nostris

159 1689 325 1745 legibus
346 1693 388 1730 et
403 1687 575 1744 judiciis
597 1687 650 1727 ad
670 1687 770 1736 vim,
795 1687 849 1727 ad
867 1701 1031 1735 manus,
1054 1685 1108 1727 ad
1129 1700 1246 1726 arma
1276 1684 1526 1739 confugere3
1558 1699 1689 1739 quum
1708 1689 1751 1724 te

160 1755 207 1796 in
227 1754 391 1810 oppidis
412 1759 454 1795 et
475 1753 717 1794 civitatibus
739 1752 969 1793 amicorum
986 1748 1074 1792 non
1094 1751 1284 1806 legatum
1303 1749 1450 1804 populi
1470 1748 1653 1790 Romani
1669 1746 1753 1790 sed

160 1825 393 1875 tyrannum
412 1818 686 1860 libidinosum
706 1817 999 1872 crudelemque
1019 1815 1283 1872 praebueris:
1316 1830 1446 1870 quum
1462 1814 1573 1869 apud
1589 1819 1753 1855 exteras

161 1885 352 1927 nationes
372 1884 540 1939 imperii
559 1883 826 1938 nominisque
845 1882 979 1924 nostri
999 1874 1155 1923 famam
1187 1881 1271 1922 tuis
1303 1880 1466 1937 probris
1496 1879 1753 1935 flagitiisque

162 1950 333 1992 violaris
349 1966 358 2000 3
381 1965 511 2004 quum
532 1953 574 1990 te
595 1964 647 1990 ex
668 1948 779 1989 ferro
795 1948 1023 1989 amicorum
1039 1946 1185 2002 populi
1200 1945 1383 1988 Romani
1399 1945 1613 2000 eripueris,
1628 1950 1755 2000 atque

163 2031 214 2057 ex
236 2015 406 2056 flamma
426 2014 631 2055 sociorum
651 2013 956 2055 evolaris-—hic
985 2013 1065 2054 tibi
1094 2012 1336 2068 perfugium
1366 2026 1505 2066 speras
1531 2010 1755 2052 futurum?

164 2081 305 2121 Erras.
366 2079 429 2120 Ut
457 2079 540 2120 huc
570 2079 778 2133 incideres
807 2094 893 2120 non
922 2082 970 2119 ut
998 2078 1069 2120 hic
1098 2078 1412 2133 conquiesceres
1443 2076 1509 2118 illi
1540 2082 1582 2118 te
1608 2076 1755 2118 vivum

166 2145 281 2187 exire
301 2144 414 2198 passi
435 2148 545 2185 sunt.

223 2208 444 2250 XXXIII.
476 2209 534 2249 Et
556 2208 616 2249 ais
632 2208 842 2263 judicium
873 2223 960 2249 esse
992 2208 1153 2249 factum
1183 2211 1225 2248 te
1252 2206 1409 2261 injuria
1438 2206 1756 2248 circumsessum

168 2290 254 2316 esse
275 2273 509 2328 Lampsaci,
541 2274 652 2328 quod
673 2273 947 2315 Philodamus
968 2288 1064 2314 cum
1084 2272 1171 2313 filio
1193 2273 1493 2313 condemnatus
1513 2272 1579 2313 sit.
1643 2271 1757 2318 Quid

168 2340 205 2381 si
224 2340 362 2397 doceo,
386 2338 421 2379 si
442 2337 618 2393 planum
637 2337 757 2388 facio,
780 2343 886 2380 teste
906 2338 1076 2379 homine
1095 2352 1290 2391 nequam,
1314 2352 1461 2378 verum
1476 2337 1530 2378 ad
1541 2337 1651 2378 hanc
1666 2352 1758 2378 rem

168 2409 312 2446 tamen
332 2403 493 2467 idppeo,
516 2407 558 2443 te
578 2402 681 2456 ipso,
704 2403 891 2458 inquam,
908 2408 1013 2444 teste
1029 2402 1194 2452 docebo,
1212 2407 1255 2443 te
1266 2402 1392 2458 hujus
1405 2402 1757 2443 circumsessionis

214 2527 265 2556 32.
290 2524 464 2564 legitimum
492 2523 631 2564 tempus]
672 2524 747 2554 ‘the
762 2524 841 2554 time
858 2524 941 2555 fixcd
985 2525 1042 2555 the
1073 2524 1239 2555 Divinatio
1271 2524 1311 2565 (c.
1343 2524 1410 2566 17),
1441 2527 1476 2556 to
1514 2525 1619 2555 which
1658 2524 1757 2555 Klotz

169 2570 212 2610 by
229 2569 285 2599 the
303 2568 369 2598 Lex
376 2568 396 2603 3'
417 2568 466 2597 for
478 2567 505 2597 it
516 2577 579 2597 was
591 2567 665 2607 only
682 2567 766 2597 after
782 2567 838 2597 the
855 2568 940 2607 expi-
984 2569 1093 2604 refers,
1118 2568 1178 2598 but
1202 2568 1242 2598 he
1269 2569 1363 2599 could
1392 2570 1450 2599 not
1480 2571 1535 2609 try
1566 2568 1644 2598 him.
1704 2567 1756 2597 He

170 2612 278 2643 ration
294 2612 330 2641 of
341 2611 390 2640 his
406 2610 494 2640 office
511 2610 585 2640 that
602 2610 718 2640 Verres
742 2611 835 2640 could
859 2611 940 2641 have
984 2611 1101 2651 might,
1132 2611 1288 2648 however,
1320 2612 1444 2642 ‹lismiss
1481 2612 1548 2642 him
1586 2611 1670 2641 from
1707 2610 1757 2640 his

170 2656 251 2685 been
274 2654 359 2684 tried
375 2656 409 2683 at
426 2653 537 2683 Rome.
583 2652 740 2683 Garatoni
756 2656 868 2693 quotes
884 2654 940 2684 the
985 2655 1083 2684 office.
1130 2654 1187 2685 See
1208 2655 1282 2685 Act.
1298 2655 1331 2685 ii.
1348 2655 1420 2686 Lib.
1436 2657 1466 2686 2.
1490 2665 1517 2686 c.
1540 2655 1591 2691 11,
1615 2653 1758 2684 referred

172 2698 274 2729 word<
290 2698 326 2727 of
336 2697 393 2727 the
411 2696 476 2726 Lex
494 2696 627 2726 Servilia
641 2708 647 2726 ε
673 2699 693 2712 “
703 2696 741 2726 (10
757 2696 842 2726 hisce
863 2697 939 2726 dum
984 2699 1019 2727 to
1034 2697 1077 2737 by
1095 2697 1202 2727 Klotz.

172 2741 400 2781 magistratum
417 2742 474 2769 aut
490 2739 660 2778 imperium
676 2739 841 2769 habebunt
852 2739 938 2779 judi·
1031 2741 1075 2770 Tu
1095 2740 1187 2781 mihi]
1235 2740 1292 2771 See
1309 2740 1380 2771 Lib.
1396 2743 1426 2771 2.
1444 2751 1470 2772 c.
1486 2742 1539 2777 32,
1555 2742 1642 2771 note.

174 2785 258 2815 cium
274 2794 337 2813 11011
354 2783 443 2813 fiet?
478 2782 544 2812 The
561 2784 700 2822 praetor,
717 2782 819 2812 under
834 2783 939 2812 whom
1026 2785 1078 2813 33.
1102 2786 1180 2814 teste
1195 2783 1337 2825 doeeb0,]
1385 2787 1487 2815 ‘teste
1503 2783 1621 2820 doceo,’
1648 2783 1758 2820 Orelli,

173 2839 192 2858 a
209 2827 355 2866 ‘legatus
366 2826 374 2838 ²
390 2836 466 2862 was,
480 2825 588 2865 might
603 2825 729 2855 rescind
744 2825 800 2855 the
816 2827 885 2855 acts
907 2825 944 2856 of
984 2826 1115 2857 Iordan.
1162 2827 1287 2859 ‘Doceo
1299 2827 1308 2841 ³
1335 2827 1362 2858 is
1387 2838 1407 2859 a
1431 2827 1611 2859 correction
1635 2827 1672 2858 of
1697 2826 1758 2857 Er-

174 2871 224 2901 his
239 2869 380 2906 inferior,
407 2879 441 2899 as
466 2868 501 2899 111
524 2869 581 2899 the
606 2878 676 2899 ease
702 2868 888 2899 mentioned
910 2868 944 2899 in
987 2869 1082 2900 nesti.
