1849 3167
521 105 648 149 AOT.
680 106 744 149 ΙΙ.
775 106 962 149 LIBER
994 105 1274 154 QUINTUS.
1621 109 1703 151 585

97 221 156 264 Te
185 226 379 278 praetore
409 221 542 264 Siculi
571 221 728 264 milites
757 221 997 278 palmarum
1027 221 1243 278 stirpibus,
1266 222 1430 278 piratae
1451 223 1592 266 Siculo
1613 224 1702 266 fru-·

96 293 242 330 mento
263 288 497 330 alebantur.
541 288 576 330 O
594 288 881 344 spectaculum
900 287 1103 329 miserum
1123 294 1251 343 atque
1272 290 1494 331 acerbum!
1518 291 1704 333 ludibrio

98 368 185 394 esse
206 353 323 395 urbis
349 353 553 409 gloriam!
587 353 734 408 populi
763 352 949 394 Romani
978 353 1159 395 nomen!
1193 354 1412 396 hominum
1447 362 1704 398 conventum

98 423 225 474 atque
256 418 602 460 multitudinem!
636 419 815 474 piratico
843 434 1102 474 myoparone
1132 419 1179 460 in
1209 424 1336 474 portu
1363 419 1627 476 Syracusano
1652 423 1704 464 de

97 484 229 526 classe
260 485 408 540 populi
440 484 626 526 Romani
657 483 924 539 triumphum
955 499 1082 539 agere
1112 484 1309 540 piratam,
1335 501 1468 541 quum
1497 489 1704 542 praetoris

97 551 348 606 nequissimi
387 550 720 605 inertissimique
755 549 897 592 oculos
936 550 1198 605 praedonum
1219 551 1327 592 remi
1366 558 1661 607 respergerent
1691 553 1700 594 l

98 616 381 672 Posteaquam
412 632 434 658 e
464 621 591 672 portu
620 616 784 671 pirata-e
813 630 901 657 non
923 620 1042 656 metu
1069 615 1212 671 aliquo
1243 615 1383 657 affecti
1407 617 1477 658 sed
1510 618 1705 660 satietate

98 682 308 732 exierunt,
340 687 433 723 tum
465 686 695 737 coeperunt
727 696 929 736 quaerere
960 681 1155 723 homines
1195 696 1364 723 causam
1404 682 1520 724 illius
1560 688 1705 726 tantae

97 747 365 789 calamitatis.
427 747 579 789 Dicere
600 761 744 788 omnes
765 751 808 787 et
827 746 972 801 palam
992 747 1221 802 disputare,
1237 746 1414 788 minime
1435 763 1523 789 esse
1543 749 1702 790 miran-

97 813 200 854 dum
231 813 266 854 si
297 813 530 868 remigibus
560 812 852 868 militibusque
883 812 1081 862 dimissis,
1104 812 1281 868 reliquis
1312 818 1500 868 egestate
1530 819 1572 855 et
1593 814 1704 856 fame

96 878 288 933 perditis,
310 884 503 934 praetore
524 883 588 920 tot
618 878 707 920 dies
729 893 827 919 cum
855 877 1118 919 mulierculis
1141 882 1406 933 perpotante,
1430 884 1551 920 tanta
1580 879 1702 935 igno-

97 943 231 985 minia
261 949 303 985 et
332 944 550 985 calamitas
581 949 690 984 esset
720 948 904 998 accepta.
966 943 1086 985 Haec
1122 950 1264 985 autem
1294 943 1417 985 istius
1446 945 1705 1000 vituperatio

97 1015 224 1065 atque
254 1009 432 1050 infamia
453 1009 783 1051 confirmabatur
805 1024 949 1050 eorum
979 1025 1171 1051 sermone
1199 1010 1273 1065 qui
1301 1026 1323 1051 a
1353 1010 1438 1051 suis
1459 1010 1705 1053 civitatibus

96 1075 182 1117 illis
203 1076 382 1117 navibus
402 1075 632 1131 praepositi
648 1074 830 1124 fuerant,
848 1075 922 1130 qui
938 1090 992 1116 ex
1012 1075 1086 1116 illo
1104 1091 1281 1117 numero
1302 1076 1456 1131 reliqui
1476 1076 1705 1132 Syracusas

96 1141 227 1182 classe
248 1141 400 1182 amissa
421 1140 680 1196 refugerant.
743 1140 955 1181 Dicebant
979 1145 1083 1195 quot
1105 1155 1158 1181 ex
1179 1156 1254 1182 sua
1275 1141 1453 1196 quisque
1473 1156 1582 1182 nave
1603 1142 1703 1184 mis-

96 1222 162 1248 sos
182 1207 308 1249 sciret
329 1222 428 1248 esse.
490 1206 576 1247 Res
597 1211 688 1247 erat
709 1205 836 1255 clara,
859 1221 997 1261 neque
1018 1205 1155 1247 solum
1184 1207 1451 1262 argumentis
1481 1207 1555 1248 sed
1575 1208 1705 1249 etiam

96 1272 221 1314 certis
242 1272 420 1313 testibus
440 1271 563 1313 istius
585 1271 761 1312 audacia
782 1271 1018 1312 tenebatur.

151 1337 367 1378 XXXIX.
409 1337 552 1378 Homo
584 1337 739 1378 certior
771 1336 821 1377 fit
853 1336 926 1392 agi
957 1336 1069 1378 nihil
1099 1336 1145 1378 in
1176 1337 1267 1379 foro
1298 1342 1340 1379 et
1371 1343 1584 1380 conventu
1614 1344 1705 1381 tota

96 1402 164 1444 die
184 1403 269 1445 nisi
297 1403 378 1444 hoc
399 1402 547 1458 quaeri
567 1418 621 1444 ex
640 1401 880 1452 navarchis‚
904 1403 1263 1458 quemadmodum
1284 1403 1428 1445 classis
1449 1404 1504 1445 sit
1526 1405 1703 1447 amissa:

95 1469 191 1511 illos
220 1470 474 1525 respondere
495 1474 537 1510 et
564 1469 712 1510 docere
738 1483 1086 1524 unumquemque
1116 1469 1315 1510 missione
1344 1469 1570 1525 remigum,
1593 1470 1705 1512 fame

96 1535 368 1590 reliquorum,
393 1534 631 1577 Cleomenis
651 1534 803 1576 timore
824 1540 866 1576 et
887 1534 1003 1590 fuga.
1068 1534 1190 1581 Quod
1211 1540 1486 1591 posteaquam
1507 1535 1586 1577 iste
1607 1551 1705 1593 cog-

95 1601 229 1650 novit,
261 1601 372 1642 hanc
402 1600 612 1642 rationem
641 1600 797 1642 habere
827 1600 977 1655 eoepit.
1040 1599 1221 1642 Causam
1251 1601 1332 1642 sibi
1362 1601 1585 1642 dicendam
1617 1617 1705 1644 esse

97 1671 305 1708 statuerat
330 1666 421 1721 jam
443 1671 541 1706 ante
562 1680 690 1720 quam
711 1665 791 1707 hoc
812 1681 891 1706 usu
911 1665 1043 1714 venit,
1066 1665 1128 1707 ita
1149 1671 1197 1707 ut
1217 1666 1356 1721 ipsum
1377 1667 1517 1721 priore
1539 1667 1704 1710 actione

97 1731 236 1773 dicere
258 1730 446 1772 audistis.
494 1730 679 1772 Videbat
700 1730 786 1772 illis
805 1731 1032 1772 navarchis
1052 1731 1231 1773 testibus
1252 1737 1421 1773 tantum
1443 1732 1520 1773 hoc
1542 1732 1702 1776 crimen

97 1796 304 1839 sustinere
337 1811 380 1837 se
415 1794 534 1837 nullo
570 1796 693 1836 modo
726 1811 858 1850 posse.

921 1795 1157 1838 Consilium
1189 1797 1303 1851 capit
1334 1797 1472 1851 primo
1508 1797 1701 1849 stultum,

96 1868 392 1905 verumtamen
425 1861 620 1902 clemens.
681 1860 724 1902 N
727 1861 929 1903 avarchos
964 1862 1018 1902 ad
1050 1876 1093 1903 se
1123 1862 1265 1903 vocari
1299 1862 1434 1918 jubet.
1495 1862 1700 1905 Veniunt.

136 1993 257 2035 populi
273 1993 416 2024 Romani
432 1991 506 2033 (ς’-0.]
540 1992 608 2023 Τ110
618 2003 752 2033 passage
765 1992 878 2023 stands

97 2048 131 2068 as
149 2037 272 2068 follows
296 2037 328 2066 in
353 2036 464 2072 Orelli,
482 2036 553 2066 who
576 2036 698 2066 follows
722 2036 876 2076 Madvig:

98 2080 237 2121 “populi
260 2080 398 2110 Romani
418 2090 535 2110 nomen
558 2079 591 2109 in
615 2079 783 2109 hominum
803 2090 877 2110 con-

97 2126 199 2155 ventu
226 2126 324 2164 atquc
349 2122 563 2153 multitudine
587 2122 725 2162 piratico
746 2133 878 2163 myopa-

97 2167 188 2204 roni;
212 2167 245 2197 in
269 2169 367 2207 portu
378 2166 398 2179 ’³
420 2166 475 2196 &c.
524 2166 538 2195 1
555 2165 648 2195 don't
664 2165 785 2196 believe
801 2166 877 2196 that

98 2211 244 2251 Zumpt's
254 2210 389 2248 reading
402 2209 427 2239 is
437 2209 479 2239 all
492 2209 594 2247 right,
605 2209 732 2247 though
746 2209 758 2238 1
771 2209 877 2239 follow

97 2254 145 2291 it;
168 2264 227 2284 nor
243 2254 283 2284 do
301 2253 316 2283 1
335 2252 430 2283 think
448 2252 523 2283 that
539 2252 596 2282 the
608 2252 748 2291 genuine
765 2254 836 2283 text
846 2252 882 2282 of

98 2297 210 2328 Cicero
235 2307 294 2327 can
325 2296 364 2327 be
388 2295 594 2326 established.
641 2296 699 2325 See
730 2295 877 2335 Zumpt's

97 2343 184 2371 note.
231 2340 350 2370 Iordan
363 2339 421 2369 has
438 2343 446 2356 ¹
457 2341 555 2378 atque
567 2338 813 2369 multitudinem
830 2339 877 2379 pi-

97 2384 202 2414 ratico
217 2383 425 2424 myoparoni!
450 2382 483 2412 in
500 2384 597 2422 portu
608 2381 616 2394 ¹
634 2382 689 2411 810.

131 2427 286 2467 fuerant,
304 2425 377 2466 qui]
426 2429 434 2442 ‘
448 2425 589 2455 fuerant.
635 2424 699 2461 Qui
717 2447 724 2455 .
743 2447 750 2455 .
768 2448 775 2455 .
792 2425 876 2456 dice-

97 2470 200 2500 bant’
225 2469 355 2504 Iordan,
380 2468 545 2507 following
569 2467 696 2498 Orelli's
714 2468 876 2508 pointing.

98 2513 166 2543 The
182 2512 235 2543 old
251 2512 387 2551 reading
404 2515 411 2527 ‘
422 2522 500 2551 quos
517 2522 554 2541 ex
573 2511 648 2541 sua'
668 2511 784 2542 should
805 2522 877 2552 pcr-

98 2556 177 2596 haps
204 2556 243 2586 be
269 2557 367 2594 ‘quot
393 2564 431 2584 ex
454 2554 534 2589 sua,'
558 2564 592 2584 as
616 2554 735 2585 Iordan
758 2555 815 2585 has
838 2555 875 2586 it.

99 2603 108 2616 ‘
119 2598 213 2636 Quod
227 2599 234 2611 '
253 2598 282 2628 R
293 2600 323 2633 3,
341 2602 349 2614 ‘
360 2608 439 2637 quos
449 2597 457 2610 ’
474 2597 557 2628 dett.

142 2644 194 2673 39.
226 2643 297 2672 tota
320 2640 390 2682 die]
437 2640 465 2671 G
488 2642 505 2670 1
531 2642 561 2676 2,
586 2640 647 2681 Lg.
671 2642 724 2672 29.
770 2641 800 2671 R
818 2641 876 2672 hus

99 2689 108 2702 ‘
121 2687 193 2716 toto
209 2685 283 2715 die)

142 2730 218 2758 ante
238 2738 335 2768 quam
354 2726 428 2768 thu]

98 2772 133 2802 in
148 2772 227 2807 fact,
244 2773 279 2802 to
294 2771 333 2801 be
349 2770 404 2801 so.'

100 2816 151 2851 11,
175 2814 239 2845 and
265 2813 393 2849 Caesar,
419 2813 456 2843 B.
479 2814 518 2843 G.
542 2813 596 2843 vii.
621 2815 652 2844 9.
696 2813 765 2845 The
787 2814 876 2845 older

98 2858 260 2898 readings,
278 2861 286 2875 ‘
300 2856 426 2888 venerit
437 2856 445 2870 '
467 2856 532 2887 und
548 2860 556 2873 ‘
568 2857 717 2893 venirct,'
733 2867 787 2888 are
803 2868 874 2898 pro-

477 2731 485 2743 ‘
498 2727 612 2757 Before
628 2727 655 2758 it
671 2727 791 2758 turned
806 2730 875 2764 out,

450 2769 561 2810 Comp.
580 2770 643 2800 Pro
659 2771 698 2807 Q.
713 2770 836 2807 Roscio,
848 2782 875 2802 c.

922 1992 1013 2033 pei-ly
1029 1992 1173 2032 rejected
1195 1993 1237 2034 by
1255 1993 1385 2034 Zumpt,
1402 1994 1475 2024 who
1491 1994 1548 2024 hus
1569 1998 1578 2011 ‘
1590 1995 1703 2026 venit.'

923 2035 1059 2075 Madvig
1085 2036 1233 2066 observes
1263 2037 1338 2068 that
1365 2047 1384 2067 a
1414 2038 1538 2068 certain
1566 2038 1646 2069 time
1677 2039 1703 2069 is

923 2079 1049 2114 named,
1067 2079 1175 2110 before
1191 2080 1297 2110 which
1318 2080 1398 2111 time
1416 2080 1532 2111 Verres
1555 2092 1644 2112 came
1668 2085 1704 2113 to

923 2122 989 2152 this
1019 2122 1214 2153 conclusion.
1274 2123 1342 2154 The
1377 2124 1582 2165 subjunctive
1617 2126 1704 2156 after

922 2167 1020 2196 ‘unte
1045 2166 1165 2205 quamss
1187 2166 1227 2196 hc
1250 2167 1339 2203 adds,
1364 2167 1390 2197 is
1413 2171 1471 2198 not
1495 2168 1582 2203 used,
1608 2169 1636 2198 if
1656 2180 1703 2200 wc

922 2209 1027 2238 follow
1044 2209 1101 2239 the
1119 2209 1213 2239 MSS.
1230 2210 1263 2239 in
1288 2210 1344 2240 the
1367 2210 1471 2241 direct
1493 2212 1576 2241 form
1593 2212 1631 2242 of
1649 2222 1702 2242 ex-

922 2252 1075 2292 pression,
1106 2256 1220 2292 except
1248 2253 1341 2283 when
1366 2264 1385 2284 11
1409 2254 1521 2285 future
1548 2255 1646 2295 thing
1677 2256 1703 2286 is

921 2295 1042 2335 spoken
1059 2296 1101 2331 of,
1118 2296 1182 2326 111111
1199 2306 1217 2326 11
1233 2296 1330 2336 thing
1347 2297 1452 2327 which
1472 2298 1498 2327 is
1522 2298 1579 2329 the
1594 2299 1702 2339 object

921 2339 958 2368 of
969 2339 1193 2375 deliberation,
1210 2340 1302 2380 hope,
1315 2350 1350 2370 or
1366 2340 1444 2371 fear.
1471 2342 1702 2383 Accordingly,

922 2381 950 2411 if
977 2382 1142 2413 ‘veniret'
1174 2393 1257 2413 were
1287 2384 1432 2420 written,
1461 2384 1518 2415 the
1548 2386 1702 2426 meaning

922 2425 1028 2456 would
1052 2426 1101 2461 bc,
1129 2428 1187 2457 not
1213 2426 1289 2457 that
1316 2426 1434 2458 Verres
1461 2427 1525 2458 111111
1553 2439 1642 2459 come
1667 2432 1703 2460 to

920 2468 987 2499 this
1017 2469 1201 2499 conclusion
1231 2469 1340 2501 before
1368 2470 1442 2511 (hoc
1469 2472 1702 2512 constituisse),

921 2511 981 2542 but
1005 2512 1070 2542 111111
1096 2523 1185 2543 001110
1212 2515 1247 2543 to
1272 2513 1329 2544 the
1353 2514 1537 2545 conclusion
1563 2515 1637 2546 thut
1661 2516 1702 2546 he

921 2555 1027 2585 would
1050 2555 1132 2586 have
1155 2559 1190 2587 to
1213 2556 1330 2588 defend
1351 2557 1484 2588 himself
1503 2558 1611 2589 before
1635 2559 1702 2589 this

921 2598 1089 2639 happened
1106 2599 1197 2640 (unte.
1218 2611 1315 2640 quam
1340 2600 1399 2630 hoc
1416 2601 1586 2639 eveniret).
1634 2602 1701 2632 But

920 2641 953 2671 in
977 2642 1053 2673 that
1076 2653 1147 2673 cnse
1164 2654 1211 2673 we
1235 2654 1307 2684 may
1325 2643 1381 2673 usk
1404 2643 1492 2674 whut
1514 2644 1620 2674 would
1644 2645 1701 2675 the

921 2689 929 2702 ‘
940 2685 1000 2716 hoc
1011 2686 1020 2698 '
1036 2696 1130 2716 11101111
1143 2687 1157 2717 ⁴?

963 2729 1135 2770 audis-lis]
1183 2729 1352 2759 ‘vidistis'
1382 2729 1408 2759 R
1423 2731 1454 2765 3,
1479 2729 1554 2760 that
1578 2730 1614 2766 is,
1642 2731 1700 2761 the

921 2772 1046 2812 copyist
1069 2772 1208 2802 mistook
1233 2772 1407 2803 ‘audistis’
1428 2773 1478 2803 for
1495 2773 1665 2810 ‘uidistis,'
1681 2786 1701 2806 11

919 2815 1059 2846 mistake
1075 2815 1182 2846 which
1198 2815 1306 2856 might
1321 2816 1419 2857 eus-ily
1436 2816 1475 2848 be
1491 2817 1595 2848 made.
