1849 3167
56 171 139 211 200
641 168 709 211 IN
741 168 787 209 O.
819 167 1075 210 VERREM

57 283 261 333 omnium,
283 283 330 324 id
350 282 462 338 quod
483 287 779 324 ornamentum
800 281 967 337 imperii
991 285 1066 330 est,
1088 281 1307 336 provincia
1329 286 1390 324 est
1421 281 1654 338 appellata:

57 349 196 404 prima
217 348 360 390 docuit
379 348 559 404 majores
581 356 745 390 nostros
766 363 894 402 quam
914 347 1174 401 praeclarum
1200 353 1306 388 esset
1333 348 1488 389 exteris
1520 348 1658 403 genti-

58 416 136 456 bus
175 415 410 470 imperare:
454 414 541 455 sola
582 414 664 454 suit
704 429 752 454 ea
792 413 874 453 fide
914 412 1291 467 benevolentiaque
1323 429 1425 467 erga
1457 414 1659 468 populum

59 480 303 522 Romanum
323 484 371 521 ut
402 479 594 521 civitates
625 479 714 534 ejus
745 478 919 527 insulae,
952 493 1059 532 quae
1089 478 1219 518 semel
1238 478 1284 518 in
1305 479 1535 520 amicitiam
1565 494 1659 519 nos-

59 551 172 587 tram
210 544 438 594 venissent,
471 559 692 598 nunquam
727 547 872 598 postea
904 543 1145 592 deficerent,
1187 543 1411 598 pleraeque
1443 549 1585 585 autem
1621 548 1663 584 et

61 610 247 652 maxime
268 610 453 651 illustres
474 609 519 649 in
541 608 729 650 amicitia
749 613 953 663 perpetuo
973 613 1207 649 manerent.
1261 608 1413 664 Itaque
1433 609 1664 665 majoribus

61 675 217 717 nostris
258 675 305 716 in
337 674 531 715 Africam
563 689 615 715 ex
650 674 730 714 hac
765 673 986 728 provincia
1021 674 1179 728 gradus
1211 673 1381 728 imperii
1420 674 1556 715 factus
1588 678 1662 715 est.
1713 722 1716 725 .

62 741 212 796 Neque
243 740 357 782 enim
386 744 475 780 tam
506 739 631 780 facile
661 753 759 793 opes
790 738 1076 794 Karthaginis
1103 743 1247 780 tantae
1268 739 1560 789 concidissent,
1582 739 1668 780 nisi

62 806 172 847 illud
193 811 235 847 et
256 805 318 847 rei
339 804 641 846 frumentariae
663 804 898 846 subsidium
915 809 956 845 et
969 803 1281 859 receptaculum
1295 804 1496 846 classibus
1511 805 1668 846 nostris

61 876 239 926 pateret.

121 937 183 977 Π.
230 936 369 982 Quare
409 935 458 976 P.
501 934 732 977 Africanus
773 935 1046 991 Karthagine
1087 935 1225 977 deleta
1265 935 1501 977 Siculorum
1544 936 1669 977 urbes

63 1002 197 1057 signis
236 1001 607 1056 monumentisque
646 1001 946 1056 pulcherrimis
979 1002 1216 1051 exornavit,
1253 1006 1314 1051 ut,
1348 1017 1452 1056 quos
1491 1001 1671 1043 victoria

62 1067 209 1122 populi
239 1066 425 1108 Romani
455 1067 640 1107 maxime
670 1066 821 1108 laetari
851 1067 1151 1116 arbitrabatur,
1175 1067 1287 1121 apud
1307 1082 1375 1107 eos
1396 1071 1672 1108 monument-a

62 1132 264 1173 victoriae
284 1132 469 1187 plurima
490 1132 724 1173 collocaret.
786 1132 983 1187 Denique
1004 1132 1076 1173 ille
1097 1131 1186 1187 ipse
1207 1132 1267 1173 M.
1287 1132 1528 1181 Marcellus,
1552 1132 1672 1187 cujus

63 1197 110 1238 in
141 1197 286 1238 Sicilia
315 1197 521 1238 virtutem
551 1197 704 1246 hostes,
737 1197 1072 1238 misericordiam
1101 1197 1219 1248 victi,
1242 1197 1370 1238 fidem
1390 1197 1519 1238 ceteri
1540 1197 1674 1238 Siculi

63 1267 381 1318 perspexerunt,
413 1278 499 1304 non
529 1263 664 1304 solum
685 1262 805 1304 sociis
834 1262 880 1303 in
911 1278 959 1304 eo
989 1263 1099 1304 bello
1130 1263 1352 1313 consuluit,
1374 1278 1523 1305 verum
1544 1263 1673 1304 etiam

65 1329 272 1383 superatis
312 1328 504 1369 hostibus
539 1328 805 1382 temperavit.
867 1328 1032 1369 Urbem
1064 1328 1399 1383 pulcherrimam
1430 1328 1672 1384 Syracusas,

66 1408 174 1447 quae
204 1408 336 1448 quum
365 1408 496 1434 manu
515 1393 802 1434 munitissima
822 1397 941 1442 esset,
964 1397 1057 1434 tum
1076 1393 1159 1434 loci
1188 1399 1342 1435 natura
1362 1399 1474 1435 terra
1497 1409 1543 1435 ac
1564 1394 1675 1435 inari

67 1458 346 1508 clauderetur,
380 1474 512 1513 quum
542 1459 586 1499 vi
616 1458 875 1513 consilioque
911 1458 1100 1513 cepisset,
1132 1474 1219 1500 non
1251 1459 1386 1500 solum
1417 1459 1674 1500 incolumem

65 1539 212 1578 passus
234 1528 296 1564 est
317 1539 418 1573 esse,
442 1524 515 1565 sed
535 1524 596 1565 ita
609 1524 783 1579 reliquit
804 1528 1002 1565 ornatum
1020 1529 1069 1565 ut
1090 1529 1197 1565 esset
1217 1524 1331 1565 idem
1351 1529 1676 1566 monumentum

67 1589 281 1639 victoriae,
313 1589 664 1639 mansuetudinis,
691 1589 992 1640 continentiae,
1019 1605 1151 1644 quum
1182 1589 1375 1631 homines
1404 1590 1600 1631 viderent
1633 1595 1674 1631 et

68 1654 172 1709 quid
193 1659 479 1709 expugnasset
501 1659 542 1696 et
564 1655 716 1710 quibus
735 1655 991 1710 pepercisset
1005 1660 1046 1696 et
1060 1671 1167 1710 quae
1188 1655 1438 1710 reliquisset.
1490 1655 1676 1697 Tantum

66 1720 141 1761 ille
161 1720 366 1761 honorem
387 1719 556 1761 Siciliae
569 1720 813 1761 habendum
825 1721 994 1776 putavit
1007 1726 1055 1762 ut
1071 1737 1124 1762 ne
1137 1721 1323 1762 hostium
1340 1722 1512 1776 quidem
1526 1723 1674 1763 urbem

67 1801 121 1826 ex
148 1785 356 1826 sociorum
385 1785 524 1826 insula
551 1786 787 1827 tollendam
817 1787 1107 1828 arbitraretur.
1169 1787 1322 1842 Itaque
1353 1788 1406 1828 ad
1436 1803 1580 1829 omnes
1610 1803 1676 1829 res

68 1850 213 1892 Sicilia
248 1851 468 1906 provincia
500 1866 665 1906 semper
704 1851 770 1893 usi
811 1867 955 1894 sumus
994 1857 1055 1902 ut,
1093 1852 1301 1908 quidquid
1333 1868 1387 1893 ex
1419 1868 1506 1894 sese
1537 1858 1677 1907 posset

68 1916 227 1966 efferre,
265 1916 310 1956 id
339 1931 426 1957 non
457 1917 571 1971 apud
601 1932 669 1958 eos
699 1917 816 1958 nasci
844 1919 917 1959 sed
952 1917 1068 1959 domi
1098 1922 1266 1959 nostrae
1290 1918 1509 1959 conditum
1538 1917 1672 1975 [jam]

67 1985 326 2036 putaremus.
390 1981 571 2027 Quando
611 1982 686 2023 illa
718 1982 982 2023 frumentum
1013 1983 1127 2038 quod
1158 1983 1328 2030 deberet
1359 1998 1445 2024 non
1478 1984 1532 2024 ad
1564 1984 1676 2025 diem

71 2046 223 2088 dedit?
254 2047 423 2102 quando
454 2047 499 2088 id
529 2048 643 2102 quod
673 2062 777 2102 opus
808 2063 895 2089 esse
925 2052 1097 2104 putaret
1116 2063 1204 2090 non
1223 2048 1336 2090 ultro
1357 2048 1548 2104 pollicita
1578 2055 1640 2090 est
1657 2050 1678 2091 Ρ

68 2169 206 2209 plicuit?
252 2170 320 2201 The
344 2172 434 2202 word
463 2172 522 2203 has
546 2183 566 2203 a
591 2173 755 2204 technical
785 2184 851 2211 use,
898 2178 908 2192 ‘
919 2174 1083 2211 oratorie,'
1100 2185 1134 2205 as
1156 2175 1213 2206 the
1236 2175 1289 2206 old
1312 2176 1548 2216 grammarians
1569 2176 1677 2206 would

69 2213 134 2242 and
150 2224 214 2243 was
230 2214 357 2253 applied
377 2217 412 2245 to
428 2226 488 2245 one
504 2216 576 2246 who
593 2227 682 2247 came
697 2219 733 2247 to
750 2217 852 2248 Rome
898 2228 964 2258 say.
1006 2218 1074 2248 The
1090 2218 1231 2258 position
1246 2219 1283 2249 of
1295 2219 1452 2260 Syracuse
1468 2220 1494 2250 is
1510 2219 1678 2250 described

70 2259 79 2272 ‘
91 2255 125 2285 in
142 2256 310 2292 exsiliuin,'
327 2258 391 2287 and
407 2259 562 2289 attached
580 2260 714 2290 himself
735 2260 780 2300 (se
796 2271 850 2300 ap·
899 2261 971 2291 Lib.
988 2262 1018 2291 4.
1035 2272 1062 2291 c.
1079 2263 1131 2298 52,
1149 2262 1204 2292 &a

70 2298 217 2339 plicavit)
249 2301 284 2329 to
309 2310 328 2329 a
352 2301 464 2340 ‘quasi
487 2303 666 2341 patronus?
714 2303 850 2343 (Cicero,
939 2304 1176 2345 elauderez‘ur,]
1224 2305 1354 2344 Zumpt,
1381 2304 1491 2341 Klotz,
1516 2305 1581 2335 and
1606 2305 1676 2336 Ior-

72 2341 120 2371 De
137 2341 192 2371 Or.
209 2342 230 2371 i.
247 2342 312 2382 39.)
352 2343 537 2374 Macrobius
555 2345 618 2384 (De
635 2346 712 2376 Diff.
729 2348 763 2377 et
780 2347 850 2377 Soc.
895 2347 960 2378 dan
970 2348 1051 2378 have
1065 2351 1074 2364 ‘
1087 2348 1293 2378 clauderetur
1305 2348 1324 2383 ς’
1341 2348 1398 2378 the
1414 2348 1550 2388 reading
1565 2349 1602 2378 of
1614 2349 1676 2389 Lg.

71 2384 187 2414 Graeci
213 2385 387 2425 Latinique
411 2387 511 2423 verbi,
538 2388 586 2418 De
609 2391 755 2429 tempore
778 2400 850 2429 per·
895 2392 937 2421 29
957 2392 999 2420 42
1021 2401 1052 2430 p.
1075 2401 1118 2420 111.
1141 2396 1164 2429 φ
1184 2391 1243 2420 A.:
1269 2391 1521 2421 ‘claudebatur’
1547 2394 1597 2422 ett
1620 2392 1676 2422 Or.

70 2427 170 2467 fecto)
191 2438 262 2468 says
282 2432 303 2444 “
319 2429 452 2468 explico,
477 2431 635 2470 explicui:
660 2433 716 2463 sed
739 2432 850 2463 Cicero
895 2433 999 2463 There
1022 2433 1048 2462 is
1067 2433 1208 2473 nothing
1223 2434 1363 2463 unusual
1386 2434 1419 2463 in
1437 2438 1445 2450 ‘
1458 2435 1578 2474 quum'
1595 2436 1676 2465 with

70 2480 129 2510 pro
145 2471 250 2500 Tullio
267 2474 275 2487 ‘
286 2471 458 2510 explicavit
469 2473 477 2485 ²
495 2474 574 2503 ait.”
898 2486 917 2506 a
932 2476 1137 2516 subjunctive
1152 2476 1327 2516 preceding
1344 2481 1352 2493 ‘
1364 2479 1437 2507 tum
1448 2477 1456 2489 '
1473 2478 1554 2508 with
1570 2488 1611 2508 1111
1627 2479 1676 2508 111-

115 2514 145 2543 2.
171 2514 210 2543 P.
226 2514 426 2554 Afi·ic·am(s]
473 2516 518 2545 As
541 2518 576 2547 to
600 2517 637 2547 P.
665 2518 852 2555 Africanus,
898 2518 1048 2548 dieative.
1095 2519 1214 2558 Zumpt
1237 2530 1330 2560 says:
1356 2524 1376 2537 “
1390 2520 1604 2561 Conjunctivo
1627 2522 1676 2551 in-

71 2565 175 2596 comp.
192 2556 264 2586 Lib.
282 2558 311 2586 4.
329 2568 356 2587 c.
373 2559 425 2587 33.
897 2561 1075 2601 telligimus
1109 2572 1237 2592 causam
1269 2563 1438 2600 contineri,
1474 2574 1532 2594 cur
1561 2564 1676 2595 urbem

116 2599 163 2629 M.
195 2599 348 2629 Claudius
379 2600 552 2631 Marcellus
585 2613 650 2632 was
684 2604 741 2634 the
777 2614 850 2634 con-
896 2604 1070 2634 Marcellus
1096 2605 1128 2634 vi
1155 2615 1268 2645 capere
1298 2609 1371 2646 post
1401 2607 1592 2637 diuturnam
1620 2618 1674 2647 op-

72 2652 189 2681 queror
216 2642 252 2672 of
273 2642 371 2683 Sicily
399 2643 484 2683 (Liv.
510 2645 593 2674 xxiv.
617 2648 678 2682 3ος
702 2658 775 2677 xxv.
797 2648 849 2683 23,
894 2648 1127 2687 pugnationem
1165 2659 1292 2679 neccsse
1329 2650 1514 2680 lialmerit.”
1563 2650 1674 2690 Comp.

72 2685 154 2725 Kc).
200 2685 262 2715 His
277 2685 438 2727 integrity
454 2687 609 2727 probably
627 2689 720 2719 could
737 2691 795 2720 not
810 2690 850 2720 be
895 2689 1007 2720 Cicero
1038 2691 1078 2720 ad
1107 2691 1179 2721 Div.
1207 2692 1249 2722 iv.
1277 2693 1307 2729 4,
1337 2696 1345 2710 ‘
1362 2693 1529 2723 consilium
1556 2695 1651 2723 tuum
1665 2694 1674 2707 '

72 2728 175 2758 called
197 2728 231 2758 in
255 2729 413 2768 question,
437 2729 497 2759 but
521 2730 578 2760 the
595 2731 741 2762 Sicilians
765 2742 848 2762 eom-
895 2733 949 2763 &e.
961 2746 970 2768 3
994 2733 1035 2763 ad
1060 2734 1132 2764 Div.
1150 2735 1215 2764 xiii.
1243 2736 1294 2771 16,
1321 2736 1379 2766 ‘P.
1397 2736 1567 2766 Crassum’
1595 2737 1650 2767 &a
1663 2749 1674 2774 ,-

72 2771 201 2810 plained
231 2772 268 2801 of
300 2772 357 2802 the
391 2773 531 2813 severity
562 2773 642 2803 with
673 2775 779 2805 which
810 2775 850 2806 he
895 2776 936 2806 ad
952 2776 1027 2806 Div.
1044 2787 1073 2806 x.
1091 2778 1142 2813 16,
1161 2781 1169 2794 ‘
1182 2789 1281 2817 quum
1298 2779 1413 2809 rebus’
1430 2779 1485 2809 810.

72 2814 202 2843 treated
225 2815 316 2844 them
342 2815 428 2855 (Liv.
451 2816 536 2845 xxvi.
560 2817 627 2856 30),
653 2818 717 2847 and
743 2818 770 2848 it
795 2828 850 2858 ap·
937 2819 1026 2849 ultro
1063 2821 1220 2859 pollicita
1259 2823 1307 2851 est
1325 2821 1355 2862 ?]
1404 2822 1572 2862 ‘pollicita
1602 2823 1673 2853 est'

71 2866 163 2895 pears
188 2857 263 2887 that
287 2858 365 2898 they
390 2858 454 2888 had
484 2869 596 2889 reason
621 2861 656 2890 to
681 2861 849 2901 complain.
894 2862 986 2892 alone
1002 2863 1108 2893 would
1131 2864 1170 2894 be
1193 2865 1332 2904 enough.
1378 2865 1437 2896 See
1459 2865 1517 2895 the
1539 2867 1615 2896 note
1631 2876 1673 2896 011

72 2898 211 2929 (31001οἚ
242 2904 251 2917 ‘
267 2901 485 2932 misericordia
500 2901 509 2916 '
547 2903 574 2932 is
607 2904 643 2933 to
676 2903 715 2934 be
749 2904 850 2935 taken
894 2905 951 2936 the
968 2905 1077 2936 Divin.
1105 2916 1132 2936 0.
1155 2907 1184 2937 1.
1231 2911 1239 2924 ‘
1256 2907 1375 2944 Ultro‚'
1392 2912 1401 2926 ‘
1416 2908 1672 2945 thitherwards,’
