1849 3167
828 507 920 554 IX.

789 653 961 688 SICILY.

456 771 593 808 Plinius,
609 771 689 802 Nat.
707 771 797 802 Hist.
814 771 887 801 Lib.
903 770 948 801 iii.
965 781 992 801 c.
1009 771 1039 807 8,
1057 770 1106 801 ed.
1124 770 1286 801 Harduin.

72 880 234 919 VERUM
255 883 346 918 ante
367 893 501 918 omnes
528 880 706 919 claritate
735 880 875 928 Sicilia,
902 879 1054 918 Sicania
1082 879 1299 930 Thucydidi
1328 879 1443 924 dicta,
1473 879 1673 920 Trinacria

71 942 262 993 pluribus,
292 945 361 980 aut
389 942 596 992 Triquetra
623 956 645 979 a
674 942 871 992 triangula
901 941 1051 993 specie:
1082 941 1250 979 circuitu
1280 945 1432 992 pateDS,
1461 945 1507 979 ut
1536 947 1673 980 auctor

71 1007 132 1040 est
159 1003 346 1054 Agrippa,
377 1015 557 1041 Dcxvni.
588 1003 646 1040 M.
676 1017 777 1054 pass.
807 1003 1000 1054 quondam
1031 1003 1173 1040 Brutio
1202 1016 1294 1052 agro
1333 1003 1554 1051 cohaerens,
1583 1017 1674 1042 mox

71 1064 265 1102 interfuso
286 1064 381 1102 mari
401 1065 533 1102 avulsa
552 1076 618 1102 XV.
641 1065 698 1102 M.
721 1065 763 1101 in
782 1064 1067 1114 longitudinem
1089 1063 1202 1110 freto,
1215 1063 1256 1100 in
1271 1063 1519 1102 latitudinem
1541 1068 1674 1103 autem

71 1137 118 1163 M.
148 1138 187 1163 D.
218 1139 319 1176 pass.
344 1126 459 1176 juxta
488 1126 705 1163 columnam
734 1125 937 1175 Rhegiam.
994 1125 1058 1162 Ab
1088 1125 1160 1163 hoc
1189 1125 1413 1163 dehiscendi
1441 1130 1675 1176 argumento

70 1187 268 1238 Rhegium
301 1187 441 1226 Graeci
470 1201 613 1225 nomen
642 1187 782 1225 dedere
812 1186 953 1238 oppido
982 1186 1024 1224 in
1053 1186 1227 1236 margine
1248 1186 1388 1224 Italiae
1409 1186 1497 1224 sito.
1554 1188 1606 1224 In
1629 1200 1675 1225 eo

69 1249 172 1286 freto
193 1253 253 1287 est
273 1249 456 1300 scopulus
477 1248 625 1299 Scylla3
653 1248 748 1286 item
771 1247 989 1299 Charybdis
1011 1260 1115 1284 mare
1141 1248 1401 1285 vorticosum:
1432 1247 1545 1286 ambo
1573 1248 1675 1287 clara

71 1311 241 1348 saevitia.
298 1310 432 1361 Ipsius
452 1309 693 1360 Triquetrae,
713 1313 759 1347 ut
780 1309 959 1356 diximus,
980 1308 1292 1359 promontorium
1322 1309 1485 1347 Pelorus
1514 1313 1676 1348 vocatur

69 1372 254 1410 adversus
275 1372 441 1422 Scyllam
461 1371 679 1421 vergensin
693 1371 873 1409 Italiam:
896 1371 1124 1422 Pachynum
1140 1370 1182 1408 in
1197 1371 1413 1418 Graeciam,
1429 1383 1597 1410 ccccxn.
1614 1372 1674 1409 Μ.

69 1433 118 1471 ab
139 1447 184 1471 eo
205 1433 377 1471 distante
394 1433 688 1484 Peloponneso:
722 1432 954 1483 Lilybaeum
968 1431 1009 1469 in
1024 1431 1198 1469 Africam
1221 1444 1369 1470 CLXXX.
1392 1433 1452 1471 M.
1467 1432 1674 1471 intervallo

69 1508 92 1533 a
121 1494 311 1532 Mercurii
341 1493 632 1546 promontorio:
662 1497 703 1531 et
723 1507 746 1532 a
767 1493 992 1532 Caralitano
1018 1493 1219 1531 Sardiniae
1253 1505 1341 1532 cxc.
1374 1494 1433 1532 M.
1490 1495 1606 1533 Inter
1634 1508 1676 1533 se

69 1559 202 1594 autem
222 1557 316 1594 haec
336 1555 602 1607 promontoria
621 1569 664 1594 ac
683 1555 806 1593 latera
826 1555 976 1593 distant
996 1554 1056 1592 his
1077 1555 1224 1605 spatiis.
1282 1556 1454 1594 Terreno
1483 1555 1625 1595 itinere
1653 1570 1676 1594 a

71 1617 210 1655 Peloro
245 1618 472 1668 Pachynum
509 1629 705 1656 cnxxxxr.
737 1618 797 1655 M.
829 1630 932 1668 pass.
988 1616 1090 1654 Inde
1121 1617 1363 1668 Lilybaeum,
1395 1629 1454 1655 ce.
1482 1618 1555 1663 M.,
1583 1618 1675 1657 inde

71 1679 266 1725 Pelorum,
299 1690 417 1717 chx.
476 1679 663 1717 Coloniae
693 1678 748 1716 ibi
781 1678 978 1729 quinque:
1019 1678 1137 1716 urbes
1168 1691 1212 1716 ac
1241 1678 1419 1716 civitates
1457 1691 1580 1716 LXIII.
1640 1680 1675 1717 A

72 1741 210 1778 Peloro
232 1754 335 1778 mare
358 1739 514 1778 Ionium
537 1753 604 1777 ora
625 1743 840 1791 spectante,
869 1739 1054 1790 oppidum
1088 1740 1275 1777 Messana
1306 1739 1444 1777 civium
1478 1741 1676 1779 Romano-

69 1816 169 1849 rum,
191 1801 257 1852 qui
278 1801 509 1839 Mamertini
528 1805 729 1840 vocantur.
787 1800 1103 1839 Promontorium
1126 1801 1375 1851 Drepanum:
1406 1801 1556 1839 colonia
1575 1802 1674 1840 Tau-

70 1863 302 1911 romenium,
332 1876 430 1914 quae
459 1866 575 1901 antea
606 1863 752 1908 Naxos,
781 1862 928 1899 flumen
956 1861 1122 1899 Asines:
1153 1875 1266 1899 mons
1300 1862 1431 1900 Aetna
1468 1863 1675 1902 nocturnis

70 1925 192 1964 mirus
211 1924 414 1962 incendiis.
473 1924 612 1962 Crater
639 1924 723 1974 ejus
753 1927 863 1974 patet
889 1923 1040 1961 ambitu
1066 1922 1164 1960 stad.
1192 1935 1258 1960 xx.
1291 1923 1437 1961 Fax-illa
1465 1925 1673 1963 Taurome-

69 1987 178 2025 nium
200 1991 240 2024 et
262 1985 439 2024 Catinam
470 1999 593 2036 usque
625 1984 802 2037 pervenit
833 1985 1010 2023 fervens:
1040 1984 1170 2034 fragor
1192 1997 1282 2022 vero
1311 1984 1359 2022 ad
1392 1985 1597 2024 Maronem
1633 1991 1674 2025 ct

73 2048 271 2087 Gemellos
291 2047 422 2085 collesi-
477 2046 633 2097 Scopuli
653 2051 734 2084 tres
757 2046 982 2098 Cyclopum,
1002 2049 1140 2096 portus
1163 2046 1330 2097 Ulyssis,
1351 2047 1502 2086 colonia
1518 2049 1672 2087 Catina.

70 2109 276 2148 Flumina:
322 2108 587 2159 Symaethum,
622 2108 765 2146 Terias.
824 2108 943 2145 Intus
984 2107 1258 2158 Laestrygonii
1297 2108 1434 2160 campi.
1494 2109 1668 2161 Oppida:

70 2171 270 2218 Leontini,
304 2169 503 2220 Megaris:
542 2169 667 2207 amnis
703 2169 924 2219 Pantagies.
984 2169 1146 2207 Colonia
1184 2171 1397 2220 Syracusae
1435 2184 1522 2209 cum
1561 2172 1672 2211 sonte

70 2233 282 2271 Arethusa.
341 2232 585 2282 Quamquam
607 2234 647 2269 et
667 2231 882 2269 Temenitis
903 2234 943 2269 et
964 2230 1211 2268 Archidemia
1231 2235 1271 2268 ct
1292 2232 1458 2282 Magaea
1477 2237 1517 2271 ct
1539 2234 1672 2286 Cyane

72 2299 113 2332 et
134 2294 312 2332 Milichie
342 2294 473 2331 fontes
494 2293 534 2330 in
556 2292 799 2343 Syracusano
828 2296 1019 2343 potantur
1043 2306 1147 2343 agro.
1207 2292 1351 2331 Portus
1367 2293 1671 2345 Naustathmus,

71 2355 217 2394 flumen
238 2355 410 2402 Elorum,
431 2354 741 2406 promontorium
763 2354 1010 2405 Pachynum:
1042 2367 1064 2392 a
1084 2367 1160 2405 qua
1190 2353 1320 2393 fronte
1349 2355 1501 2395 Siciliae
1526 2357 1672 2396 flumen

72 2416 329 2463 Hit-minium,
350 2415 534 2466 oppidum
559 2415 775 2462 Camarina,
807 2414 947 2453 fluvius
980 2415 1110 2462 Gelas,
1138 2415 1322 2467 oppidum
1354 2417 1540 2469 Acragas,
1569 2421 1673 2471 quod

70 2478 335 2528 Agrigentum
356 2476 479 2514 nostri
503 2476 646 2514 dixere.
702 2477 892 2515 Thermae
923 2476 1098 2515 colonia:
1129 2490 1263 2516 amnes
1294 2478 1479 2527 Achates,
1500 2481 1673 2529 Mazara,

71 2539 225 2590 Hypsa.
284 2537 438 2576 Selinus
458 2537 655 2588 oppidum.
712 2538 941 2590 Lilybaeum
972 2538 1019 2577 ab
1050 2551 1095 2577 eo
1122 2540 1444 2590 promontorium,
1475 2542 1672 2594 Drepana,

71 2614 184 2638 mons
204 2601 323 2650 Eryx.
383 2599 558 2650 Oppida:
591 2599 866 2648 Panhormum,
895 2600 1020 2648 Solus,
1050 2600 1216 2638 Himera
1244 2614 1332 2639 cum
1360 2601 1489 2649 fluvio,
1523 2604 1672 2656 Cepha-

70 2661 204 2708 ]oedis,
237 2660 458 2707 Aluntium,
492 2661 783 2712 Agathyrnum,
816 2661 1010 2713 Tyndaris
1043 2662 1207 2710 colonia,
1240 2662 1426 2714 oppidum
1461 2665 1607 2717 Mylae,
1632 2671 1673 2706 et

70 2728 176 2761 uude
196 2722 394 2773 coepimus
417 2722 590 2760 Pelorus.

124 2785 255 2831 Intus,
276 2783 442 2822 Latinae
462 2782 698 2822 conditionis
725 2783 988 2837 Centuripini,
1019 2784 1172 2832 Netini,
1204 2785 1421 2836 Segestani.
1479 2788 1672 2841 Stipendi-

71 2845 142 2885 arii
162 2845 356 2894 Assorini,
378 2845 614 2894 Aetnenses,
634 2845 815 2896 Agyrini,
843 2846 1041 2895 Acestaei‚
1072 2847 1280 2896 Acrenses,
1308 2847 1452 2897 Bidini,
1486 2850 1673 2899 Cetarini,
