1849 3167
529 129 658 172 AOT.
690 128 754 171 II.
786 127 974 170 LIBER
1004 128 1273 172 TERTIUS.
1624 132 1708 174 349

99 242 260 285 ordinis
294 241 488 284 homines
523 247 566 284 te
599 243 653 284 ad
679 243 844 299 judices
876 259 964 285 esse
998 247 1242 294 venturum,
1283 243 1331 285 in
1371 243 1536 299 quibus,
1578 245 1614 287 si
1653 262 1709 288 ex

97 308 287 364 ipsorum
316 308 543 350 domestico
572 308 838 350 incommodo
867 308 1010 350 nullus
1040 308 1159 350 dolor
1188 309 1405 359 insideret,
1428 316 1573 351 tamen
1600 317 1708 353 esset

98 374 174 415 illa
214 373 430 429 cogitatio,
472 374 518 415 in
558 374 731 415 alterius
765 373 923 430 injuria
972 389 1060 415 sese
1110 375 1326 430 despectos
1367 375 1708 432 dignitatemque

99 439 260 480 ordinis
291 444 579 494 contemptam
609 445 652 481 et
681 440 924 496 abjectam?
985 439 1109 486 Quod
1128 440 1382 489 mehercule,
1400 441 1577 496 judices,
1600 443 1709 483 mihi

97 519 185 545 non
206 504 474 545 mediocriter
493 505 716 546 ferendum
736 505 918 546 videtur.
979 505 1124 547 Habet
1145 506 1259 546 enim
1281 506 1494 561 quendam
1515 508 1709 549 aculeum

98 568 356 611 contumelia
386 585 512 625 quem
541 570 632 625 pati
661 571 867 625 pudentes
898 586 946 612 ac
975 570 1059 611 viri
1088 571 1189 612 boni
1225 571 1476 612 difficillime
1516 578 1706 627 possunt.

99 633 301 690 Spoliasti
331 634 516 685 Siculos3
550 635 686 676 solent
716 635 831 676 enim
850 635 961 676 muti
991 651 1079 677 esse
1099 636 1146 676 in
1166 636 1336 692 injuriis
1367 636 1465 678 suis.
1527 637 1709 679 Vexasti

98 700 412 755 negotiatores;
456 700 586 742 inviti
624 701 740 742 enim
779 701 962 742 Romam
1002 717 1180 757 raroque
1221 702 1446 744 decedunt.
1527 702 1708 758 Equites

98 764 314 807 Romanos
354 766 409 806 ad
446 765 630 820 Apronii
668 766 847 822 injurias
888 766 1069 817 dedisti3
1121 767 1226 822 quid
1266 767 1382 808 enim
1416 768 1509 823 jam
1557 783 1709 810 nocere

97 835 274 885 possunt
301 831 453 886 quibus
473 846 559 872 non
579 831 679 872 lieet
704 831 897 887 judicare
911 832 932 873 P
993 831 1119 882 Quid,
1142 847 1275 888 quum
1297 839 1511 874 senatores
1532 834 1709 876 summis

98 896 269 952 injuriis
290 896 432 946 afficis,
456 896 560 951 quid
580 896 697 937 aliud
718 896 824 938 dicis
855 896 940 938 nisi
971 897 1050 938 1100
1067 897 1248 939 ?—cedo
1278 897 1387 938 mihi
1418 899 1549 939 etiam
1578 899 1709 940 istum

99 968 348 1010 senatorem,
383 967 431 1002 ut
463 962 542 1003 hoc
578 961 888 1016 amplissimum
921 977 1077 1003 nomen
1105 963 1366 1004 senatorium
1397 978 1484 1004 non
1510 965 1634 1006 modo
1655 965 1710 1005 ad

98 1025 306 1067 invidiam
327 1026 623 1082 imperitorum
638 1027 712 1067 sed
726 1027 856 1067 etiam
872 1027 926 1068 ad
942 1027 1244 1069 contumeliam
1256 1028 1545 1083 improborum
1559 1035 1710 1070 natum

98 1107 187 1133 esse
221 1092 428 1133 videatur.
490 1092 641 1147 Neque
675 1092 754 1133 1100
786 1092 832 1133 111
866 1107 952 1133 11110
984 1092 1085 1133 fecit
1117 1093 1296 1134 Annaeo
1328 1094 1402 1134 sed
1435 1094 1482 1134 in
1515 1094 1710 1136 omnibus

99 1158 374 1206 senatoribus,
407 1162 456 1198 ut
488 1157 648 1199 ordinis
675 1173 831 1199 nomen
863 1172 951 1199 non
982 1164 1152 1199 tantum
1179 1159 1232 1199 ad
1264 1159 1470 1200 honorem
1500 1166 1710 1214 quantum

99 1223 154 1264 ad
173 1222 457 1278 ignominiam
477 1222 650 1263 valeret.
713 1223 768 1263 In
790 1222 835 1263 C.
860 1222 1016 1272 Cassio,
1040 1223 1272 1265 clarissimo
1294 1229 1336 1265 et
1357 1224 1587 1266 fortissimo
1602 1226 1707 1275 viro,

99 1303 231 1343 quum
265 1288 302 1329 is
335 1303 382 1329 eo
416 1287 508 1342 ipso
540 1294 729 1343 tempore
763 1288 902 1343 primo
934 1289 1057 1330 istius
1090 1304 1202 1330 anno
1239 1290 1385 1331 consul
1426 1296 1545 1340 esset,
1587 1296 1710 1332 tanta

97 1353 371 1408 improbitate
392 1368 492 1395 usus
512 1358 575 1395 est
595 1359 656 1403 ut,
679 1369 811 1409 quum
833 1354 924 1409 ejus
943 1370 1053 1396 uxor
1082 1354 1244 1396 femina
1273 1355 1478 1410 primaria
1508 1361 1709 1411 paternas

98 1419 309 1460 arationes
329 1419 505 1461 haberet
526 1419 572 1460 in
586 1419 810 1470 Leontino,
833 1420 1100 1462 frumentum
1121 1435 1245 1462 omne
1266 1422 1521 1463 decumanos
1543 1422 1709 1464 auferre

92 1483 281 1540 jusserit.
343 1484 473 1526 Hunc
494 1489 543 1525 tu
562 1485 609 1526 in
629 1485 709 1527 hac
731 1501 856 1528 causa
884 1492 1049 1537 testem,
1080 1487 1248 1537 Verres,
1283 1488 1472 1538 habebis,
1507 1488 1710 1543 quoniam

92 1549 282 1606 judicem
301 1565 356 1591 ne
376 1550 553 1592 haberes
573 1551 811 1606 providisti.
872 1552 960 1594 Vos
981 1557 1137 1601 autem,
1154 1553 1332 1608 judices,
1365 1558 1516 1608 putare
1546 1554 1710 1595 debetis

97 1630 185 1656 esse
205 1615 410 1670 quiddam
430 1616 552 1657 nobis
572 1616 686 1657 inter
705 1632 781 1658 nos
802 1632 1028 1659 commune
1058 1623 1186 1673 atque
1216 1618 1505 1674 conjunctum.
1567 1618 1710 1660 Multa

99 1685 198 1721 sunt
230 1681 428 1735 imposita
462 1681 562 1723 huic
598 1682 739 1722 ordini
773 1697 963 1732 munera,
992 1683 1120 1724 multi
1144 1683 1321 1731 labores,
1357 1683 1493 1724 multa
1520 1683 1709 1738 pericula

98 1760 186 1786 non
207 1745 344 1787 solum
364 1745 509 1801 legum
531 1761 578 1787 ac
594 1746 853 1801 judiciorum
875 1748 948 1788 sed
969 1747 1099 1788 etiam
1124 1763 1344 1789 rumorum
1375 1764 1421 1790 ac
1453 1754 1704 1803 temporum.

99 1809 169 1851 Sic
204 1815 267 1851 est
298 1810 369 1851 hic
403 1811 505 1852 ordo
540 1811 661 1865 quasi
691 1812 930 1866 propositus
970 1818 1098 1867 atque
1130 1813 1268 1854 editus
1308 1813 1354 1853 in
1394 1813 1529 1854 altum
1565 1819 1613 1854 ut
1654 1815 1707 1855 ab

98 1875 294 1917 omnibus
326 1875 465 1917 ventis
496 1876 684 1917 invidiae
716 1875 972 1917 circumflari
1004 1892 1124 1931 posse
1156 1878 1363 1918 videatur.
1427 1878 1482 1918 In
1506 1878 1585 1920 hac
1618 1885 1705 1920 tam

98 1941 253 1982 misera
274 1945 401 1996 atque
421 1941 569 1996 iniqua
589 1941 830 1983 conditione
851 1941 977 1991 vitae,
1012 1957 1066 1983 ne
1099 1943 1176 1983 hoo
1209 1943 1381 1997 quidem
1414 1943 1704 1994 retinebimus,

95 2006 272 2062 judices,
301 2012 350 2047 ut
376 2007 698 2061 magistratibus
722 2006 877 2048 nostris
905 2007 950 2047 in
980 2007 1210 2048 obtinendo
1233 2008 1330 2063 jure
1356 2013 1500 2050 nostro
1527 2024 1581 2050 110
1607 2024 1704 2051 con-

99 2072 372 2126 temptissimi
392 2087 440 2113 ac
461 2072 784 2127 despicatissimi
806 2088 893 2113 esse
914 2072 1168 2114 videamur?

156 2136 304 2178 XLII.
356 2137 623 2179 Thermitani
661 2137 870 2178 miserunt
909 2138 984 2193 qui
1024 2139 1220 2180 decumas
1260 2144 1450 2180 emerent
1490 2140 1585 2195 agri
1625 2140 1702 2181 sui.

927 2256 1019 2284 ment
1042 2253 1080 2284 of
1099 2253 1227 2284 Verres.
1274 2254 1307 2285 It
1324 2254 1350 2284 15
1366 2257 1424 2286 not
1449 2255 1518 2286 said
1534 2256 1622 2287 what
1641 2267 1705 2287 was

927 2297 985 2327 the
1001 2297 1082 2327 kind
1098 2298 1136 2327 of
1156 2298 1230 2328 title
1256 2300 1291 2328 to
1318 2298 1410 2329 these
1438 2303 1613 2339 ‘paternae
1632 2311 1704 2330 ara-

927 2340 1054 2371 tiones'
1083 2341 1147 2381 (500
1177 2340 1247 2371 Lib.
1273 2343 1303 2371 3.
1326 2352 1352 2371 (¹.
1378 2342 1409 2378 G,
1427 2344 1530 2383 note).
1576 2344 1704 2374 Cassius

103 2253 160 2285 δερ.
206 2254 274 2284 The
300 2253 382 2284 ‘ad’
410 2253 519 2284 before
548 2253 712 2293 ‘judices’
739 2253 765 2284 is
798 2254 881 2285 from

102 2297 165 2338 Lg.
182 2299 234 2327 42.
282 2297 401 2327 Iordan
418 2297 515 2327 omits
532 2296 569 2327 it.

148 2341 321 2371 domestico
353 2339 568 2380 incommodo]
632 2343 715 2380 ‘any
746 2339 808 2370 loss
846 2351 883 2370 or

104 2383 242 2423 damage
253 2383 358 2413 which
370 2383 507 2414 atl'ected
524 2383 738 2413 themselves?
764 2383 881 2414 Caesar

103 2427 194 2457 often
210 2436 281 2456 uses
297 2430 306 2442 ‘
319 2426 581 2457 incouunodumff

148 2469 193 2499 ad
210 2492 217 2499 .
235 2492 242 2499 .
260 2469 404 2510 injurias
419 2468 576 2509 dedii-th]
606 2469 775 2499 Foreellini
791 2469 881 2509 gives

104 2512 243 2543 another
266 2513 412 2552 example
435 2512 499 2542 like
524 2512 590 2542 this
614 2512 696 2542 froin
728 2512 784 2543 the
817 2513 880 2543 Pro

104 2555 266 2591 Cluentio,
298 2566 324 2585 c.
356 2556 417 2586 διε
450 2559 469 2572 ‘⁴
483 2555 610 2585 mulieri
642 2555 880 2587 crudelissimae

103 2608 233 2629 servum
257 2598 478 2628 fidelissimum
502 2608 566 2627 11011
594 2598 625 2627 111
658 2599 879 2637 quaestionem

104 2642 194 2677 tulit,
211 2641 267 2671 sed
283 2641 377 2680 plane
393 2641 434 2671 ad
450 2641 642 2680 supplicium
660 2641 785 2672 dedit.’'

153 2684 250 2723 Quid,
268 2694 364 2723 quum
389 2684 572 2724 senatores]
610 2688 617 2700 ‘
631 2684 685 2723 qui
703 2685 799 2721 cunn'
824 2685 880 2716 ἀρ.

105 2728 225 2767 Zumpt
242 2727 325 2757 from
343 2727 403 2767 Lg.
421 2729 472 2757 —1-2.
519 2727 586 2757 The
615 2727 668 2757 old
695 2728 831 2769 reading
854 2729 880 2759 is

103 2771 223 2802 better.

154 2814 186 2844 C.
209 2811 351 2854 Cas-vim]
399 2813 469 2844 One
485 2813 523 2843 of
534 2813 590 2844 the
616 2813 743 2845 consuls
765 2814 803 2845 of
821 2815 878 2846 the

102 2867 181 2899 year
198 2865 263 2889 B.c.
280 2856 333 2893 73,
350 2856 407 2888 the
424 2856 496 2887 first
510 2867 589 2897 year
605 2857 642 2887 of
660 2857 718 2888 the
740 2868 878 2899 govern-

926 2384 1020 2414 conld
1036 2383 1075 2414 he
1091 2394 1109 2414 11
1126 2384 1266 2421 11110055,
1295 2384 1430 2416 because
1457 2386 1497 2416 110
1524 2397 1588 2416 was
1612 2391 1668 2417 not
1685 2398 1704 2417 a

927 2427 1066 2467 ‘judex.'

969 2472 1021 2500 42.
1046 2470 1102 2510 qui
1128 2493 1135 2500 .
1153 2493 1160 2501 .
1177 2470 1334 2512 emerenl]
1381 2472 1531 2502 Another
1556 2472 1703 2503 instance

925 2513 962 2543 of
977 2524 995 2544 a
1012 2514 1214 2555 conununity
1231 2515 1406 2555 propos-ing
1419 2518 1454 2546 to
1470 2516 1628 2555 purchase
1645 2517 1702 2546 the

926 2556 1100 2587 ‘decumae
1114 2557 1122 2569 '
1139 2558 1176 2588 of
1195 2557 1283 2588 their
1299 2559 1467 2598 territory.
1513 2559 1581 2589 The
1603 2563 1612 2575 ‘
1625 2559 1702 2589 ciri—

924 2602 975 2630 tas
987 2600 995 2612 '
1027 2600 1133 2630 would
1164 2601 1243 2631 then
1275 2601 1390 2632 collect
1422 2601 1479 2632 the
1508 2606 1516 2618 ‘
1527 2602 1682 2632 decumae
1693 2603 1702 2615 '

926 2642 1009 2673 from
1026 2643 1114 2674 their
1130 2644 1334 2679 cultivators,
1362 2645 1426 2675 and
1448 2645 1555 2675 would
1580 2645 1702 2676 deliver

925 2696 959 2716 as
975 2686 1073 2716 much
1100 2697 1176 2717 corn
1193 2698 1227 2717 115
1244 2687 1322 2727 they
1350 2688 1470 2727 agreed
1495 2692 1530 2718 to
1557 2688 1631 2728 give
1653 2689 1702 2718 t'or

925 2729 982 2760 the
1000 2734 1007 2746 ‘
1019 2730 1196 2765 decumae‚'
1213 2741 1249 2760 or
1266 2741 1327 2771 pay
1345 2731 1387 2761 its
1403 2731 1497 2761 vulne
1514 2731 1546 2760 in
1563 2742 1677 2771 nioncy
1692 2744 1701 2767 ;

922 2772 983 2803 but
1001 2773 1078 2814 they
1097 2773 1204 2803 would
1231 2773 1313 2804 have
1339 2784 1381 2803 no
1408 2774 1538 2804 further
1562 2774 1701 2809 trouble,

923 2816 988 2846 and
1004 2816 1111 2847 would
1127 2816 1205 2846 thus
1221 2827 1333 2857 escape
1350 2817 1407 2848 the
1423 2817 1572 2858 1111111011)-
1589 2818 1626 2848 of
1645 2817 1702 2848 the

923 2862 1039 2900 agents
1055 2860 1092 2890 of
1105 2859 1233 2890 Verres.
