1849 3167
89 175 174 218 270
664 175 734 219 IN
765 174 810 216 O.
843 174 1100 217 VERREM

86 288 236 330 civitas
257 287 370 338 fecit,
393 287 429 329 si
459 302 603 329 omnes
632 287 822 343 imperio,
848 293 978 337 metu,
1001 287 1058 336 vi,
1080 287 1192 329 malo
1222 288 1438 340 adductae,
1460 291 1684 346 pecuniam

86 359 323 395 statuarum
362 353 534 395 nomine
574 354 856 402 contulerunt,
897 367 974 407 per
1022 353 1119 394 deos
1159 353 1430 405 immortales,
1471 371 1576 397 num
1616 357 1684 397 cui

85 419 263 460 dubium
303 434 389 460 esse
429 418 584 473 poterit
625 419 741 473 quin,
779 417 945 458 etiamsi
978 418 1175 459 statuerit
1209 419 1396 473 accipere
1431 421 1486 461 ad
1525 426 1684 462 statuas

84 484 224 534 licere,
261 484 375 525 idem
414 490 558 525 tamen
598 488 756 524 statuat
792 482 954 537 eripere
989 488 1101 524 certe
1135 498 1222 524 non
1257 483 1420 525 licere?
1489 485 1685 526 Primum

84 550 219 605 igitur
249 549 295 590 in
325 549 435 590 hanc
465 563 555 589 rem
584 552 735 588 testem
764 552 898 588 totam
928 547 1118 588 Siciliam
1147 548 1297 598 citabo,
1326 563 1432 603 quae
1461 550 1570 590 mihi
1599 566 1684 591 una

84 629 185 655 voce
216 619 451 655 statuarum
480 612 651 653 nomine
681 626 884 666 magnam
913 612 1138 667 pecuniam
1166 628 1242 667 per
1261 613 1351 654 vim
1380 620 1566 655 coactam
1597 630 1684 656 esse

85 680 358 721 demonstrat.
419 678 532 719 Nam
551 676 786 731 legationes
807 677 998 718 omnium
1018 677 1244 719 civitatum
1262 677 1309 718 in
1329 679 1550 732 postulatis
1571 695 1682 720 com-

84 745 295 793 munibus,
328 758 434 798 quae
465 743 551 783 fere
580 742 723 785 omnia
752 757 806 782 ex
835 742 920 783 tuis
955 742 1124 797 injuriis
1156 747 1257 784 nata
1292 748 1403 793 sunt,
1436 744 1564 785 etiam
1604 745 1683 785 hoc

85 810 320 858 ediderunt,
344 808 406 849 Ut
427 812 586 849 statuas
615 822 669 848 ne
690 807 770 856 cui,
793 807 876 848 nisi
897 822 1029 862 quum
1049 807 1084 849 is
1105 808 1157 848 de
1176 807 1396 862 provincia
1426 809 1680 858 decessisset,

83 875 395 929 pollicerentur.
463 872 556 913 LX.
595 872 674 913 Tot
703 878 917 927 praetores
947 873 993 913 in
1024 872 1169 914 Sicilia
1199 872 1384 922 fuerunt,
1416 873 1541 914 toties
1571 874 1684 928 apud

82 939 261 994 majores
300 943 464 979 nostros
505 937 638 979 Siculi
677 943 872 978 senatum
915 938 1124 987 adierunt,
1166 937 1291 978 toties
1340 938 1419 978 hac
1465 938 1681 987 memoria,

83 1009 227 1045 tamen
247 1004 422 1059 hujusce
442 1003 543 1044 novi
562 1003 764 1058 postulati
790 1018 924 1058 genus
951 1008 1078 1058 atque
1097 1002 1357 1057 principium
1382 1007 1456 1043 tua
1485 1008 1684 1057 praetura

84 1069 241 1110 attulit.
311 1068 425 1115 Quid
458 1068 572 1109 enim
604 1073 693 1109 tam
728 1083 900 1118 novum,
934 1083 1021 1109 non
1053 1068 1188 1109 solum
1222 1082 1268 1108 re
1302 1067 1376 1108 sed
1408 1082 1563 1122 genere
1592 1067 1684 1122 ipso

83 1134 359 1189 postulandi?
417 1133 459 1175 N
463 1149 532 1175 am
552 1139 702 1183 001013,
722 1148 828 1188 quae
850 1138 949 1174 sunt
969 1133 1014 1173 in
1035 1133 1186 1174 iisdem
1205 1131 1428 1186 postulatis
1444 1132 1495 1172 de
1515 1131 1684 1187 injuriis

83 1200 181 1248 tuis,
204 1204 303 1240 sunt
322 1214 445 1247 nova,
461 1199 534 1239 sed
553 1204 697 1240 tamen
717 1213 804 1239 11011
823 1213 933 1239 110νο
954 1199 1078 1239 1110ἆο
1099 1197 1382 1253 postulantur.
1445 1196 1621 1251 Rogant
1642 1201 1684 1238 et

85 1269 208 1304 orant
229 1264 361 1304 Siculi
380 1269 521 1317 patres
542 1262 799 1317 conscriptos
830 1267 917 1303 “ut
947 1263 1083 1304 nostri
1109 1261 1385 1317 magistratus
1405 1262 1582 1315 posthac
1612 1262 1683 1302 de-

84 1343 227 1369 cumas
258 1328 353 1383 lege
385 1327 618 1368 Hieronica
651 1328 884 1368 vendant?
946 1327 1011 1367 Tu
1044 1327 1207 1381 primus
1239 1331 1386 1367 contra
1417 1327 1681 1369 vendideras.

84 1393 238 1434 Audio.
301 1398 326 1415 “
343 1393 410 1434 Ne
436 1393 483 1433 in
503 1392 654 1433 cellam
675 1393 788 1447 quod
811 1392 1047 1446 imperatur
1076 1391 1343 1432 aestiment.''
1403 1390 1497 1431 Hoc
1518 1406 1684 1446 quoque

84 1463 257 1512 propter
285 1462 379 1498 tuos
408 1462 550 1498 ternos
581 1456 775 1497 denarios
804 1471 919 1497 nunc
939 1456 1126 1510 primum
1152 1455 1414 1510 postulatur:
1447 1456 1519 1496 sed
1550 1470 1684 1510 genus

84 1522 224 1576 ipsum
243 1521 487 1576 postulandi
506 1536 592 1562 non
609 1526 670 1561 est
690 1535 860 1562 novum.
902 1525 927 1542 “
941 1520 1008 1562 Ne
1029 1519 1214 1561 absentis
1233 1534 1389 1560 nomen
1410 1520 1682 1574 recipiatur.''

84 1586 154 1627 Ex
175 1587 338 1628 Sthenii
362 1586 602 1627 calamitate
632 1591 674 1626 et
704 1591 778 1626 tua
808 1590 958 1626 natum
988 1590 1051 1626 est
1081 1584 1251 1640 injuria.
1313 1583 1463 1625 Cetera
1491 1599 1578 1625 non
1599 1584 1682 1625 col-

84 1651 230 1706 ligam.
292 1651 401 1691 Sunt
422 1651 564 1692 omnia
591 1650 830 1692 Siculorum
856 1650 1069 1705 postulata
1090 1648 1292 1704 ejusmodi
1320 1654 1369 1689 ut
1390 1648 1569 1689 crimina
1599 1649 1682 1690 col-

83 1715 193 1757 lecta
223 1716 269 1756 in
298 1731 433 1756 unum
462 1731 582 1756 reum
611 1720 653 1756 te
684 1730 771 1756 esse
792 1715 1041 1764 videantur3
1074 1729 1182 1769 quae
1212 1718 1355 1754 tamen
1382 1713 1524 1754 omnia
1553 1728 1684 1755 novas

83 1781 262 1836 injurias
289 1781 460 1830 habent,
484 1781 557 1821 sed
583 1780 917 1835 postulationum
937 1779 1139 1821 formulas
1165 1778 1354 1819 usitatas.
1415 1778 1510 1819 Hoc
1539 1783 1682 1833 postu-

83 1845 219 1886 latum
240 1846 291 1886 de
312 1845 463 1887 statuis
484 1845 713 1887 ridiculum
734 1860 821 1886 esse
841 1845 1036 1886 Videatur
1066 1843 1105 1885 01
1132 1843 1206 1898 qui
1230 1858 1320 1884 rem
1347 1843 1684 1898 sententiamque

83 1925 170 1951 11011
210 1910 449 1965 perspiciat.
522 1910 748 1951 Postulant
783 1909 898 1950 enim
937 1924 1024 1950 non
1055 1908 1120 1949 uti
1154 1923 1208 1948 ne
1243 1912 1451 1962 cogantur
1486 1912 1681 1948 statuere.

86 1973 202 2021 Quid
221 1975 356 2030 igitur
370 1976 390 2017 ⁴?
448 1975 511 2016 Ut
531 1975 634 2030 ipsis
653 1990 707 2016 ne
727 1974 1045 2021 liceat—Quid
1069 1977 1132 2015 est
1158 1973 1238 2014 1100
1252 1973 1272 2014 Ρ
1301 1972 1412 2027 petis
1439 1987 1464 2013 a
1483 1987 1551 2013 me
1571 1973 1684 2028 quod

84 2129 171 2159 this·
197 2129 366 2159 ‘statuae'
382 2129 525 2169 explains
538 2128 661 2169 ‘quod.'
692 2129 765 2159 Ter.
775 2128 860 2158 And.
905 2128 1007 2158 them.
1067 2127 1135 2157 The
1166 2129 1177 2144 ‘
1187 2126 1371 2166 postulata’
1402 2136 1520 2166 appear
1542 2128 1578 2157 to
1599 2127 1682 2157 have

84 2172 105 2202 i.
123 2173 152 2202 5.
170 2173 221 2208 54,
246 2172 362 2208 ‘Quod
376 2182 436 2212 ego
451 2172 506 2209 te,’
524 2172 579 2202 &c.

128 2215 171 2250 vi,
188 2214 292 2254 malo]
340 2215 407 2245 The
431 2215 483 2245 old
506 2215 668 2254 reading‘
679 2214 796 2250 modo,'
812 2214 862 2244 for

86 2238 212 2293 ‘1nalo,'
235 2257 262 2286 is
291 2267 456 2287 nonsense.
510 2257 642 2293 ‘Malo,’
674 2257 752 2287 thus
783 2257 863 2286 115οᾶ

87 2299 278 2339 absolutely,
310 2300 414 2339 ought
444 2302 479 2330 to
509 2300 591 2330 11310
623 2310 709 2330 some
733 2299 862 2339 specific

84 2342 249 2382 meaning,
281 2342 346 2372 and
376 2352 409 2372 as
439 2342 467 2372 it
497 2342 619 2372 follows
651 2343 714 2378 ‘vi,
745 2342 861 2377 metu?

86 2385 206 2424 Zumpt
223 2395 372 2424 supposes
395 2385 470 2414 that
486 2385 513 2414 it
529 2383 604 2425 may
625 2395 720 2415 mean
737 2384 859 2424 ‘plagis

86 2438 123 2458 ac
138 2427 325 2457 verberibus
334 2427 354 2463 ;'
371 2430 429 2457 not
445 2427 520 2457 that
531 2428 610 2467 they
620 2438 704 2457 were
716 2427 859 2467 actually

85 2470 236 2510 whipped
251 2472 286 2500 to
302 2469 396 2499 make
413 2470 503 2499 them
520 2480 581 2509 pay
592 2482 601 2506 ς
617 2470 678 2499 bnt
689 2470 782 2500 there
794 2479 859 2499 was

86 2513 143 2543 the
159 2513 228 2542 fear
244 2512 281 2542 of
300 2512 357 2542 the
380 2522 514 2551 scourge
534 2512 642 2542 before
666 2512 753 2542 their
776 2522 858 2551 eyes.

87 2556 121 2586 It
136 2565 246 2585 means
262 2565 348 2585 some
363 2555 456 2584 harm
473 2555 649 2594 generally,
666 2565 699 2584 as
723 2555 758 2584 in
785 2554 857 2584 Lib.

86 2600 116 2629 3.
134 2608 161 2628 0.
188 2599 239 2633 41,
265 2598 371 2627 ‘malo
395 2597 514 2637 dignus
533 2597 739 2636 judicaretur
750 2597 770 2633 ;'
794 2596 859 2626 and

86 2641 152 2671 also
168 2641 202 2670 in
219 2640 290 2670 Lib.
308 2642 337 2670 3.
355 2650 381 2670 0.
399 2641 459 2676 23;
483 2639 548 2669 and
563 2640 596 2668 in
621 2649 647 2669 c.
671 2640 714 2669 60
737 2639 774 2669 of
792 2639 858 2669 this

86 2684 224 2719 oration,
250 2687 259 2700 ‘
269 2685 360 2713 metu
376 2693 412 2712 ac
427 2682 512 2712 malo
529 2682 676 2712 coactos?

124 2725 325 2766 postulatis]
374 2725 408 2755 It
434 2735 498 2755 was
525 2724 582 2754 the
602 2724 719 2753 mouth
741 2724 778 2753 of
800 2723 859 2753 Fe-

84 2769 217 2808 bruary,
235 2780 268 2799 as
284 2779 331 2799 we
347 2768 428 2798 have
451 2767 580 2807 already
603 2777 687 2802 seen,
704 2766 738 2796 in
753 2766 860 2796 which

85 2811 142 2841 the
160 2811 279 2851 ‘legati
291 2812 299 2824 '
316 2811 353 2841 of
363 2811 420 2841 the
435 2809 628 2850 provincials
648 2809 795 2839 received
818 2819 860 2838 an

85 2854 240 2884 audience
252 2854 289 2884 of
299 2854 356 2884 the
369 2853 496 2883 Roman
507 2854 628 2888 senate,
641 2852 705 2882 and
714 2851 858 2891 brought

85 2897 173 2927 their
190 2900 199 2913 ‘
209 2896 395 2937 postulata,’
408 2896 518 2926 claims
530 2906 565 2926 or
574 2894 740 2936 petitions,
749 2894 859 2925 before

905 2171 987 2201 been
1002 2170 1131 2200 handed
1146 2169 1180 2199 in
1195 2172 1231 2199 to
1246 2169 1303 2199 the
1319 2169 1444 2199 consuls
1461 2168 1502 2209 (c.
1518 2169 1586 2210 64),
1610 2170 1683 2200 who

906 2214 1052 2253 brought
1068 2213 1159 2243 them
1174 2212 1284 2242 before
1299 2211 1357 2241 the
1373 2213 1494 2241 senate.

950 2257 1002 2286 60.
1028 2255 1254 2295 postulantur.
1290 2253 1440 2294 Rogant]
1482 2257 1491 2270 ¹
1502 2254 1681 2293 postulant,

906 2299 962 2328 sed
984 2298 1125 2338 rogant,'
1151 2297 1218 2333 &c.,
1242 2296 1276 2326 N
1292 2296 1353 2335 Lg.
1370 2297 1422 2332 42,
1447 2296 1557 2332 Klotz,
1574 2297 1681 2327 which

907 2341 972 2371 will
987 2340 1105 2380 hardly
1120 2340 1160 2369 be
1176 2339 1342 2379 preferred
1357 2341 1392 2369 10
1408 2339 1465 2369 the
1481 2341 1564 2369 text.

947 2384 982 2413 in
1011 2383 1127 2412 cellam
1159 2381 1231 2423 ᾅτκ]
1294 2385 1303 2398 (
1315 2381 1401 2411 That
1439 2382 1496 2412 the
1533 2384 1681 2421 praetors

903 2425 1019 2455 should
1034 2427 1092 2454 not
1109 2424 1152 2454 fix
1168 2435 1186 2454 a
1198 2434 1314 2464 money
1330 2424 1424 2454 valne
1437 2435 1478 2454 on
1491 2424 1548 2454 the
1559 2425 1680 2454 contri-

903 2468 1035 2498 butions
1047 2468 1081 2497 in
1090 2467 1171 2496 kind
1181 2467 1287 2496 which
1300 2477 1384 2497 were
1397 2467 1548 2507 required
1560 2467 1610 2497 for
1622 2467 1680 2498 the

905 2510 1131 2549 consumption
1157 2509 1194 2539 of
1212 2509 1299 2539 their
1321 2510 1520 2546 houschold,'
1544 2510 1619 2540 that
1641 2510 1679 2546 is,

902 2553 1017 2583 should
1032 2555 1090 2582 not
1106 2553 1188 2582 have
1204 2552 1261 2582 the
1276 2563 1383 2592 power
1399 2553 1436 2583 of
1447 2553 1645 2592 demandjng
1660 2563 1680 2582 a

902 2606 1018 2635 money
1042 2597 1197 2635 payment
1222 2595 1350 2625 instead
1374 2595 1411 2625 of
1429 2595 1487 2625 the
1513 2595 1678 2625 contribu-

903 2639 988 2668 tions
1005 2638 1038 2667 in
1054 2637 1134 2667 kind
1149 2640 1184 2668 to
1200 2638 1306 2667 which
1329 2638 1408 2678 they
1432 2648 1515 2668 were
1539 2637 1680 2667 entit-led

902 2681 953 2710 for
972 2681 1029 2710 the
1045 2691 1100 2710 use
1116 2680 1152 2710 of
1174 2680 1261 2710 their
1277 2681 1463 2710 household.
1510 2680 1568 2710 See
1596 2690 1623 2710 0.
1647 2681 1678 2710 2.

904 2723 972 2753 The
990 2727 998 2739 ‘
1013 2723 1092 2753 cella
1105 2723 1113 2735 '
1130 2723 1206 2753 here
1222 2723 1248 2753 is
1264 2723 1321 2753 the
1336 2723 1495 2762 praetor's
1512 2726 1520 2739 ‘
1533 2722 1634 2752 cella.’

948 2768 1056 2796 ternos
1072 2765 1243 2806 denarios]
1291 2766 1349 2796 See
1373 2765 1483 2795 Divin.
1500 2776 1527 2795 0.
1545 2766 1596 2801 10,
1613 2764 1678 2794 311(1

904 2808 976 2838 Lib.
993 2810 1023 2838 3.
1040 2819 1066 2838 c.
1083 2809 1221 2840 85-87.

951 2851 1038 2890 Quid
1063 2853 1111 2881 est
1135 2851 1193 2881 hoe
1205 2850 1235 2891 l]
1293 2850 1399 2887 ‘Quid
1423 2850 1537 2881 enim?
1574 2848 1678 2889 petis’

903 2893 965 2934 Lg.
981 2895 1023 2925 42
1038 2904 1069 2934 p.
1085 2904 1128 2924 m.
1146 2893 1255 2924 Klotz.
1258 2911 1299 2915 ——
1302 2893 1402 2923 ‘nihil
1417 2892 1534 2933 egero'
1556 2901 1677 2928 means,
