1849 3167
161 131 244 173 606
745 128 814 171 IN
845 128 891 170 O.
924 126 1181 170 VERREM

217 243 363 286 LVII.
396 242 479 285 His
508 241 718 285 institutis
749 258 880 298 quum
911 241 1144 297 completus
1168 240 1261 297 jam
1289 245 1570 284 mercatorum
1609 258 1752 285 carcer

161 315 279 360 esset,
302 315 395 351 tum
415 308 490 350 illa
510 308 669 350 fiebant
690 325 796 364 quae
818 308 867 348 L.
891 307 1097 356 Suetium,
1120 307 1307 361 equitem
1328 307 1581 358 Romanum,
1613 308 1751 350 lectis-

160 376 315 417 simum
335 374 487 424 virum,
511 374 649 416 dicere
671 374 859 422 audistis,
883 378 925 414 et
945 387 1054 428 quae
1074 376 1232 413 ceteros
1252 373 1445 414 audietis.
1505 372 1696 415 Cervices
1709 373 1754 414 in

161 456 325 482 carcere
345 440 654 496 frangebantur
674 438 971 494 indignissime
992 437 1151 479 civium
1181 437 1472 480 Romanorum
1500 444 1550 479 ut
1570 438 1662 494 jam
1681 439 1757 480 illa

160 521 244 547 vox
264 511 307 547 et
326 505 582 560 imploratio,
607 505 722 546 Civis
743 504 962 545 Romanus
982 517 1088 552 sum,
1112 518 1219 557 quae
1235 518 1356 558 saepe
1377 503 1523 545 multis
1535 503 1581 544 in
1593 503 1757 545 ultimis

160 571 286 613 terris
307 586 430 626 opem
450 571 563 612 inter
583 571 783 612 barbaros
804 575 846 610 et
867 568 1047 610 salutem
1066 567 1179 618 tulit,
1202 583 1250 609 ea
1270 573 1449 610 mortem
1470 568 1555 610 illis
1571 568 1756 610 acerbio-

160 651 252 678 rem
272 641 314 677 et
335 636 591 691 supplicium
611 636 820 677 maturius
841 634 982 675 ferret.
1029 633 1143 679 Quid
1159 638 1234 683 est,
1252 633 1441 676 Verres?
1462 634 1566 690 quid
1581 634 1636 675 ad
1650 633 1757 676 haec

161 701 322 757 cogitas
352 701 604 755 respondere
619 701 639 742 Ῥ
669 715 774 740 num
803 698 978 740 mentiri
1007 713 1087 748 me,
1119 713 1225 739 num
1254 698 1416 754 fingere
1446 699 1621 754 aliquid,
1652 699 1759 739 num

161 781 317 821 augere
337 765 511 815 crimen,
528 780 633 806 num
646 764 750 820 quid
765 765 919 805 horum
935 763 1074 804 dicere
1086 763 1179 804 istis
1191 763 1276 805 tuis
1289 763 1578 807 defensoribus
1594 764 1723 805 audes
1738 763 1758 805 ?

162 831 274 873 Cedo
295 830 415 880 mihi,
439 845 606 885 quaeso,
630 845 684 871 ex
712 830 845 885 ipsius
869 829 967 871 sinu
989 828 1136 870 literas
1163 828 1523 885 Syracusanorum
1549 845 1653 885 quas
1676 829 1759 870 iste

161 898 215 938 ad
236 895 462 937 arbitrium
482 911 604 937 suum
626 894 838 936 confectas
852 910 940 936 esse
961 894 1218 935 arbitratur:
1243 895 1344 935 cedo
1357 894 1567 936 rationem
1579 894 1759 936 carceris

160 977 268 1017 quae
295 961 623 1017 diligentissime
644 960 879 1011 conficitur,
902 975 985 1016 quo
1006 959 1184 1015 quisque
1205 959 1273 1001 die
1300 960 1424 1001 datus
1444 960 1490 1001 in
1510 960 1757 1009 custodiam,

160 1042 244 1082 quo
263 1032 468 1077 mortuus,
491 1042 574 1082 quo
594 1031 769 1068 necatus
790 1026 857 1067 sit.
923 1039 1113 1066 LITERAE
1142 1039 1528 1067 SYRACUSANORUM.
1590 1025 1759 1067 Videtis

160 1093 272 1134 cives
293 1092 508 1134 Romanos
530 1091 745 1148 gregatim
777 1091 988 1147 conjectos
1008 1091 1055 1132 in
1074 1091 1331 1132 lautumias:
1362 1091 1517 1133 videtis
1548 1091 1761 1146 indignis-

160 1156 268 1199 simo
288 1157 335 1198 in
354 1157 445 1199 loco
467 1162 758 1199 coacervatam
777 1156 1102 1198 multitudinem
1121 1161 1360 1198 vestrorum
1386 1156 1557 1198 civium.
1621 1156 1759 1203 Quae-

160 1222 241 1263 rite
278 1237 393 1264 nunc
418 1222 602 1278 vestigia
634 1223 789 1278 quibus
819 1222 959 1264 exitus
990 1237 1136 1263 eorum
1168 1237 1222 1263 ex
1248 1222 1324 1263 illo
1351 1222 1443 1264 loco
1474 1226 1758 1277 compareant.

159 1287 293 1329 Nulla
325 1292 437 1329 sunt.
499 1287 714 1329 Omnesne
742 1288 938 1329 mortui?
1004 1287 1049 1328 Si
1076 1287 1138 1328 ita
1169 1292 1308 1342 posset
1340 1287 1578 1337 defendere,
1615 1293 1761 1328 tamen

159 1353 264 1394 fides
285 1353 386 1394 huic
407 1352 644 1394 defensioni
664 1368 751 1394 non
771 1353 1012 1394 haberetur.
1074 1352 1158 1393 Sed
1178 1352 1383 1407 scriptum
1403 1357 1521 1393 extat
1541 1352 1587 1393 in
1608 1351 1761 1394 iisdem

159 1418 307 1469 literis,
331 1420 443 1474 quod
462 1418 543 1460 iste
557 1419 684 1460 homo
712 1419 916 1460 barbarus
938 1434 985 1460 ac
1006 1418 1233 1460 dissolutus
1262 1432 1400 1473 neque
1432 1418 1651 1459 attendere
1681 1432 1762 1458 un-

160 1500 289 1540 quam
308 1499 445 1539 neque
465 1484 706 1539 intelligere
726 1484 866 1539 potuit
883 1499 892 1525 :
927 1488 1386 1533 ΕΔΙΚΑΙΩΘΗΣΑΝ,
1408 1482 1563 1538 inquit,
1584 1483 1664 1524 hoc
1685 1489 1760 1532 est,

159 1554 209 1591 ut
229 1549 362 1590 Siculi
381 1549 626 1604 loquuntur,
649 1549 855 1604 supplicio
876 1548 1016 1590 affecti
1036 1563 1084 1590 ac
1103 1548 1243 1590 necati
1262 1553 1373 1589 sunt.

217 1614 389 1656 LVIII.
412 1614 458 1655 Si
473 1614 547 1669 qui
562 1629 650 1664 rex,
674 1615 709 1656 si
730 1630 813 1669 qua
834 1614 984 1655 civitas
1004 1618 1245 1655 exterarum
1266 1613 1472 1668 gentium,
1495 1612 1531 1654 si
1547 1628 1630 1668 qua
1644 1612 1763 1654 natio

100 1680 123 1720 ,”’
160 1679 328 1722 fecisset
344 1680 510 1735 aliquid
524 1680 571 1721 in
587 1680 698 1722 cives
714 1680 927 1721 Romanos
941 1679 1159 1735 ejusmodi,
1176 1693 1318 1720 nonne
1338 1678 1505 1733 publice
1524 1678 1762 1719 vindicare-

159 1746 287 1787 mus?
316 1761 403 1786 non
423 1745 534 1786 bello
555 1760 903 1800 persequeremur
920 1745 940 1786 Ρ
968 1759 1182 1800 possemus
1207 1744 1318 1785 hanc
1349 1743 1552 1799 injuriam
1577 1743 1761 1799 ignomi-

159 1811 359 1866 niamque
379 1810 565 1852 nominis
585 1810 770 1852 Romani
790 1810 973 1852 inultam
993 1810 1333 1866 impunitamque
1353 1809 1568 1850 dimittere
1582 1809 1602 1850 Ρ
1650 1808 1764 1855 Quot

159 1876 271 1918 bella
290 1876 470 1931 majores
489 1881 654 1917 nostros
681 1880 723 1917 et
754 1881 914 1931 quanta
943 1875 1171 1930 suscepisse
1201 1875 1481 1925 arbitramini,
1510 1875 1623 1930 quod
1652 1873 1764 1915 cives

160 1941 345 1983 Romani
374 1941 534 1997 injuria
561 1941 713 1992 affecti,
743 1942 857 1997 quod
888 1940 1141 1983 navicularii
1167 1940 1335 1991 retenti,
1370 1940 1483 1995 quod
1511 1944 1764 1981 mercatores

160 2007 330 2062 spoliati
361 2007 636 2048 dicerentur?
695 2006 757 2049 At
788 2023 868 2063 ego
898 2007 990 2063 jam
1018 2011 1206 2048 retentos
1237 2021 1324 2047 non
1353 2020 1532 2061 queror3
1564 2004 1764 2061 spoliatos

161 2072 384 2114 ferendum
403 2076 530 2127 puto:
562 2072 755 2124 navibus,
778 2072 1014 2127 mancipiis,
1042 2072 1252 2114 mercibus
1283 2070 1492 2126 ademptis
1517 2070 1564 2112 in
1592 2069 1764 2113 vincula

205 2219 257 2253 57.
282 2220 356 2250 istis
377 2220 442 2250 tais
459 2219 532 2261 ἐξα]
581 2220 665 2250 “Sic
681 2219 940 2260 Guelferbytani,

163 2266 196 2294 ct
221 2264 325 2293 solent
355 2264 410 2293 illa
439 2263 538 2293 verba
568 2263 752 2303 conjungi”
781 2263 941 2303 (Zumpt).

163 2306 263 2336 Orelli
283 2306 347 2336 and
364 2306 483 2336 Iordan
499 2306 606 2336 follow
621 2306 678 2336 the
694 2306 828 2346 vulgate
852 2306 942 2336 ‘istis

985 2222 1077 2251 ment
1088 2233 1096 2257 ;
1120 2230 1156 2251 or
1171 2220 1212 2250 he
1227 2230 1303 2260 may
1319 2218 1435 2259 simply
1450 2228 1555 2254 mean,
1572 2217 1638 2248 this
1659 2217 1686 2247 is
1705 2218 1764 2249 the

985 2263 1075 2293 word
1090 2263 1197 2293 which
1217 2263 1275 2293 the
1299 2262 1446 2292 Sicilians
1460 2261 1549 2296 used,
1566 2260 1629 2290 and
1645 2260 1764 2292 Verres

986 2306 1043 2336 did
1057 2308 1115 2336 not
1131 2305 1333 2335 understand
1347 2304 1386 2334 it.
1425 2303 1596 2333 Hotmann
1612 2304 1712 2334 refers
1727 2306 1763 2335 to

163 2349 385 2379 defensoribus
400 2349 466 2378 tuis
483 2348 602 2378 audes?
631 2348 686 2378 Or.
703 2349 851 2379 observes
866 2349 942 2379 that

163 2392 220 2422 the
251 2391 346 2421 other
376 2391 512 2430 reading
541 2391 652 2421 makes
682 2401 724 2421 an
753 2391 942 2421 hexameter

163 2434 294 2473 ending,
312 2434 417 2463 which
435 2433 547 2463 Cicero
563 2434 744 2473 studiously
760 2434 869 2463 avoids
886 2434 941 2463 ‘in

164 2477 382 2508 clausularum
398 2476 483 2506 fine.'
515 2476 584 2506 But
599 2476 693 2506 there
709 2486 763 2505 are
779 2476 940 2516 examples

163 2520 198 2551 in
214 2520 326 2550 Cicero
342 2519 379 2549 of
390 2519 456 2549 this
471 2519 672 2549 hexametral
688 2519 820 2558 ending.

207 2563 312 2603 ipsius
328 2562 418 2603 sinu]
451 2562 519 2592 The
536 2565 545 2578 ‘
557 2562 645 2591 sinus
656 2561 664 2574 '
681 2562 718 2591 of
730 2561 856 2591 Verres.
889 2561 941 2591 He

163 2607 229 2637 had
252 2617 271 2636 a
291 2616 371 2646 copy
388 2605 425 2635 of
443 2605 500 2635 the
522 2605 633 2645 prison
655 2604 731 2634 rolls
754 2604 852 2645 (ratio
874 2615 942 2635 car-

164 2649 258 2689 ceris)
276 2649 357 2679 with
373 2648 452 2678 him.

208 2691 393 2733 attendere]
441 2691 500 2721 See
523 2690 595 2721 Lib.
619 2692 649 2721 3.
673 2700 700 2720 c.
724 2690 941 2721 5.-ἐδικαιώ-

165 2738 284 2771 θησανῑ
310 2735 422 2765 Cicero
442 2744 543 2764 seems
564 2736 599 2764 to
620 2744 675 2774 say
691 2733 766 2764 that
787 2733 853 2763 this
874 2733 900 2763 is
923 2744 941 2763 a

166 2778 296 2808 Sicilian
308 2788 373 2813 use,
384 2780 442 2808 not
453 2778 573 2807 known
585 2779 621 2807 to
631 2777 688 2807 the
699 2777 794 2807 other
807 2776 940 2813 Greeks,

164 2821 237 2850 who
252 2820 358 2850 would
379 2831 434 2851 use
450 2831 535 2850 some
552 2820 646 2851 other
660 2820 744 2850 form
760 2819 797 2850 of
815 2830 939 2859 expres-

163 2864 232 2893 sion
248 2865 284 2894 to
296 2873 416 2904 convey
429 2863 486 2894 the
501 2863 615 2894 notion
625 2863 662 2895 of
674 2863 793 2903 capital
808 2863 940 2903 punish-

987 2359 1006 2379 a
1029 2359 1085 2378 use
1110 2348 1146 2378 of
1169 2347 1305 2378 ἐδικαίευ
1334 2347 1369 2376 in
1396 2346 1584 2377 Herodotus
1612 2346 1646 2387 (i.
1673 2347 1763 2388 100),

985 2391 1092 2421 where
1108 2391 1165 2420 the
1177 2390 1266 2420 word
1281 2389 1430 2420 however
1446 2389 1561 2430 simply
1577 2400 1687 2420 means
1705 2391 1764 2421 ‘he

985 2433 1146 2474 punished
1156 2433 1176 2469 3²
1193 2433 1257 2463 and
1273 2443 1306 2463 so
1323 2433 1349 2463 it
1365 2443 1440 2473 may
1450 2443 1544 2463 mean
1560 2432 1647 2469 here,
1665 2437 1674 2450 ‘
1684 2434 1764 2474 they

984 2486 1068 2506 were
1091 2476 1281 2516 punished3’
1311 2476 1372 2506 but
1397 2486 1497 2516 usage
1520 2476 1585 2506 had
1607 2476 1723 2507 affixed
1745 2487 1764 2508 a

984 2519 1138 2559 meaning
1153 2522 1188 2549 to
1204 2519 1261 2549 the
1272 2519 1370 2549 word.
1417 2519 1475 2549 See
1492 2519 1617 2555 Suidas,
1631 2518 1764 2550 δικαιού-

985 2574 1097 2600 μενοςε
1123 2561 1345 2600 κολαζόμενος,
1364 2561 1453 2598 δίκης
1468 2561 1651 2601 τυγχάνων.

1031 2606 1083 2635 58.
1108 2616 1170 2635 non
1201 2605 1300 2646 bello]
1362 2605 1439 2635 This
1468 2605 1495 2635 is
1525 2605 1690 2645 preferred
1719 2605 1764 2646 by

988 2648 1107 2688 Zumpt
1130 2649 1194 2678 and
1218 2648 1317 2679 Orelli
1340 2650 1376 2679 to
1398 2648 1456 2679 the
1478 2648 1614 2688 reading
1639 2651 1764 2679 ‘nonne

985 2691 1091 2727 bello,'
1108 2692 1157 2722 for
1173 2692 1200 2722 it
1217 2702 1350 2732 appears
1366 2693 1401 2722 to
1416 2691 1455 2722 be
1472 2690 1610 2721 Cicero’s
1627 2691 1763 2728 fashion,

986 2735 1070 2765 after
1086 2735 1183 2775 using
1199 2738 1324 2765 ‘nonne
1336 2735 1346 2747 ’
1362 2744 1451 2770 once,
1463 2736 1499 2764 to
1515 2744 1570 2764 use
1583 2734 1641 2764 the
1651 2734 1764 2774 simple

987 2778 1094 2807 ‘non.'
1141 2779 1200 2808 See
1224 2778 1296 2808 Lib.
1314 2779 1343 2808 4.
1361 2788 1388 2808 c,
1405 2778 1457 2813 56,
1477 2779 1563 2807 note.
1609 2777 1678 2808 But
1702 2777 1763 2808 Rs

988 2820 1050 2861 Lg.
1061 2822 1103 2853 29
1118 2821 1201 2853 have
1218 2824 1227 2838 ‘
1237 2821 1367 2858 n01me‚'
1383 2821 1448 2851 and
1464 2820 1584 2851 Iordan
1600 2820 1676 2851 also.
