1849 3167
530 143 657 185 AOT.
689 143 752 185 II.
784 142 971 184 LIBER
1001 141 1326 184 SECUNDUS.
1648 144 1735 185 257

130 272 231 299 nem
261 256 475 299 accusavit
503 262 678 312 propter
706 255 1000 313 Aegritomari
1029 255 1302 311 Transalpini
1330 255 1510 310 hospitis
1540 255 1732 311 injurias.

129 323 334 364 Putarem
362 338 431 364 me
461 323 660 364 idoneum
691 322 765 378 qui
794 322 1036 376 exemplum
1066 335 1263 376 sequerer
1297 320 1577 362 humanitatis
1608 326 1735 376 atque

130 387 268 437 officii,
310 403 671 444 proponeremque
710 403 828 442 spem
856 387 962 428 meis
995 386 1234 441 hospitibus
1275 400 1323 426 ac
1362 385 1618 435 necessariis,
1651 401 1734 441 quo

130 454 333 494 tutiorem
373 469 460 494 sese
500 454 635 495 vitam
673 467 766 494 meo
805 452 1015 507 praesidio
1056 451 1242 492 victuros
1282 465 1370 491 esse
1409 450 1732 492 arbitrarentur.

133 519 276 565 Quum
296 534 395 560 vero
417 519 462 560 in
483 518 774 560 communibus
790 517 958 573 injuriis
979 516 1109 558 totius
1124 515 1368 571 provinciae
1385 515 1553 556 Sthenii
1569 530 1735 570 quoque

131 599 256 625 causa
277 584 556 634 contineatur,
579 583 788 638 multique
807 598 892 624 uno
912 587 1102 637 tempore
1124 597 1148 623 a
1168 597 1236 622 me
1256 581 1444 636 hospites
1466 586 1593 635 atque
1609 580 1737 621 amici

130 649 299 704 publice
320 650 607 705 privatimque
628 649 924 698 defendantur,
946 648 1135 703 profecto
1155 646 1294 688 vereri
1313 661 1400 687 non
1420 646 1551 687 debeo
1571 660 1625 685 ne
1642 645 1737 700 quis

131 715 212 756 hoc
232 715 346 769 quod
367 715 475 756 facio
507 730 593 756 non
626 713 841 755 existimet
871 729 938 754 me
970 713 1126 754 summi
1155 712 1282 753 officii
1312 711 1475 753 ratione
1504 710 1737 765 impulsum

132 785 406 835 coactumque
427 779 667 835 suscepisse.
727 778 944 820 XLVIII.
981 778 1122 832 Atque
1142 782 1191 818 ut
1212 776 1440 831 aliquando
1461 776 1513 816 de
1534 776 1658 817 rebus
1683 775 1737 816 ab

131 844 213 886 isto
241 845 423 900 cognitis
445 845 731 901 judicatisque
761 849 803 885 et
830 844 882 884 de
905 843 1078 899 judiciis
1099 841 1210 883 datis
1231 841 1370 882 dicere
1392 840 1655 890 desistamus,
1680 845 1735 889 et,

132 910 334 965 quoniam
354 910 466 951 facta
486 910 608 951 istius
628 909 675 950 in
694 909 762 950 his
784 909 1010 964 generibus
1030 907 1201 948 infinita
1222 911 1334 956 sunt,
1357 921 1433 948 nos
1453 906 1627 947 modum
1658 905 1735 946 ali-

131 991 259 1031 quem
279 981 321 1017 et
341 976 471 1017 finem
491 975 673 1017 orationi
704 979 872 1016 nostrae
904 973 1236 1027 criminibusque
1268 971 1485 1021 faciamus,
1518 985 1654 1026 pauca
1684 985 1738 1012 ex

132 1041 227 1082 aliis
249 1041 475 1097 generibus
496 1055 720 1082 sumemus.

189 1106 384 1147 Audistis
406 1107 458 1147 ob
473 1106 544 1161 jus
565 1106 793 1146 dicendum
810 1104 860 1151 Q.
879 1104 1061 1145 Varium
1077 1103 1216 1144 dicere
1237 1106 1530 1157 procuratores
1550 1116 1645 1142 suos
1666 1100 1740 1142 isti

132 1177 305 1214 centum
325 1171 506 1226 triginta
526 1171 663 1211 millia
682 1185 907 1211 nummum
927 1169 1090 1210 dedisse
1109 1184 1118 1209 t
1149 1167 1403 1209 meministis
1418 1166 1468 1213 Q.
1484 1166 1608 1207 Varii
1620 1165 1738 1206 testi-

131 1237 334 1286 monium,
366 1251 539 1290 remque
578 1235 690 1276 hanc
729 1239 864 1276 totam
895 1234 940 1275 O.
975 1233 1214 1275 Sacerdotis
1254 1232 1441 1274 hominis
1481 1230 1741 1273 ornatissimi

130 1301 373 1344 testimonio
404 1301 695 1356 comprobari:
739 1300 855 1341 scitis
887 1299 963 1341 Cn.
997 1299 1197 1349 Sertium,
1230 1298 1291 1339 M.
1324 1297 1533 1346 Modium,
1576 1296 1741 1351 equites

130 1367 357 1416 Romanos,
390 1371 609 1407 sexcentos
637 1370 856 1421 praeterea
892 1365 1005 1406 cives
1043 1365 1260 1406 Romanos
1299 1363 1540 1417 multosque
1579 1361 1742 1402 Siculos

130 1432 287 1474 dixisse
309 1447 352 1474 se
371 1431 445 1473 isti
464 1431 690 1486 pecuniam
710 1432 763 1472 ob
779 1431 850 1487 jus
871 1431 1101 1472 dicendum
1121 1429 1296 1470 dedisse.
1358 1428 1424 1469 De
1445 1443 1529 1482 quo
1560 1426 1742 1468 crimine

130 1498 235 1553 quid
265 1513 344 1553 ego
373 1497 587 1551 disputem
616 1512 750 1552 quum
778 1497 824 1538 id
853 1501 992 1538 totum
1021 1496 1208 1551 positum
1237 1495 1292 1536 sit
1322 1493 1368 1535 in
1395 1493 1608 1535 testibus?
1639 1492 1744 1547 quid

130 1578 255 1618 porro
277 1567 552 1618 argumenter
572 1577 656 1617 qua
676 1562 728 1603 de
750 1578 795 1603 rc
816 1562 1011 1604 dubitare
1031 1576 1156 1602 nemo
1176 1559 1309 1615 possit
1324 1559 1344 1600 P
1403 1558 1476 1599 An
1505 1558 1587 1599 hoc
1618 1557 1742 1598 dubi-

130 1628 240 1669 tabit
269 1628 493 1683 quisquam
514 1627 705 1668 omnium
725 1627 830 1682 quin
860 1627 896 1668 is
926 1626 1122 1668 venalem
1151 1625 1198 1666 in
1228 1624 1374 1666 Sicilia
1399 1622 1744 1679 jurisdictionem

131 1693 341 1742 habuerit,
364 1693 439 1748 qui
468 1692 629 1733 Romae
660 1696 800 1733 totum
831 1692 1019 1733 edictum
1055 1696 1182 1745 atque
1215 1689 1358 1731 omnia
1391 1689 1561 1729 decreta
1591 1687 1741 1728 vendi-

132 1758 254 1806 derit,
279 1762 321 1799 et
342 1757 448 1812 quin
467 1757 503 1798 is
524 1757 576 1798 ab
598 1756 750 1798 Siculis
771 1758 824 1798 ob
845 1758 1013 1798 decreta
1028 1754 1339 1809 interponenda
1351 1753 1553 1807 pecunias
1567 1751 1739 1806 ceperit,

132 1823 207 1878 qui
229 1822 288 1863 M.
314 1822 540 1863 Octavium
560 1821 767 1875 Ligurem
786 1821 1012 1875 pecuniam
1032 1820 1084 1861 ob
1112 1820 1183 1875 jus
1211 1818 1440 1859 dicendum
1468 1816 1706 1871 poposcerit
1722 1816 1742 1856 Ῥ

133 1888 257 1934 Quod
277 1888 392 1929 enim
412 1887 491 1927 iste
512 1891 729 1941 praeterea
751 1900 884 1940 genus
900 1884 1103 1940 pecuniae
1116 1883 1329 1937 cogendae
1346 1881 1565 1936 praeteriit
1581 1881 1600 1921 Ρ
1628 1880 1742 1934 quod

131 1967 218 1994 non
248 1953 300 1994 ab
331 1951 525 1993 omnibus
556 1951 650 1992 aliis
680 1950 959 2005 praeteritum
989 1947 1286 2003 excogitavit?
1347 1947 1493 2001 Ecqua
1529 1961 1595 1986 res
1626 1945 1741 2000 apud

132 2018 326 2060 civitates
347 2016 509 2059 Siculas
530 2015 745 2070 expetitur
766 2015 811 2055 in
833 2030 917 2070 qua
937 2008 1010 2055 aut
1030 2014 1164 2055 honos
1185 2011 1339 2066 aliquis
1361 2011 1415 2052 sit
1448 2015 1522 2052 aut
1553 2015 1739 2065 potestas

958 2136 1070 2167 Cicero
1089 2136 1146 2166 has
1168 2135 1263 2174 given
1288 2135 1449 2165 ins-taneos
1473 2134 1506 2164 in
1530 2134 1587 2164 the
1603 2144 1689 2164 enses
1705 2135 1743 2164 of

957 2180 1014 2210 the
1039 2180 1216 2208 ‘honorum
1233 2178 1405 2218 possessio'
1429 2178 1466 2207 of
1486 2177 1656 2207 Heraclius
1673 2178 1738 2207 nnd

960 2223 1137 2262 Epicrates.
1183 2221 1283 2251 (iuius
1305 2232 1378 2261 says
1403 2221 1458 2260 (iv.
1484 2221 1572 2257 139),
1599 2221 1737 2250 “Certis

176 2143 228 2173 48.
252 2141 438 2183 clejudieiis
455 2139 561 2180 datis]
594 2138 640 2169 To
655 2139 792 2178 prevent
808 2148 827 2167 a
842 2147 911 2177 pos-

132 2186 212 2216 sible
228 2184 377 2220 inistnke,
395 2184 451 2214 the
468 2183 581 2213 render
597 2192 669 2222 may
688 2181 726 2210 be
744 2180 912 2210 reniinded

132 2229 209 2259 that
226 2233 234 2245 ‘
241 2228 367 2269 judicia
382 2227 458 2257 dan-c
472 2226 479 2239 ’
502 2227 528 2255 is
544 2226 600 2255 the
617 2235 703 2254 same
720 2235 753 2253 ns
771 2224 912 2262 ‘judiees

133 2272 232 2302 darc?
279 2271 391 2302 Cicero
404 2271 461 2300 has
477 2269 545 2299 said
560 2268 669 2298 before
686 2267 760 2297 that
778 2267 833 2296 the
847 2267 910 2296 for-

132 2317 229 2345 tnncs
252 2315 288 2345 of
315 2314 357 2344 all
380 2323 510 2353 persons
533 2322 587 2341 are
610 2311 643 2340 in
668 2310 724 2340 the
748 2319 855 2349 power
878 2309 915 2338 of

132 2358 225 2388 those
242 2362 250 2375 ‘
261 2357 316 2397 qni
330 2356 455 2397 judicia
471 2355 562 2390 dant,
579 2357 612 2384 et
628 2363 739 2383 eornm
756 2353 810 2392 qni
822 2352 909 2391 judi-

133 2401 232 2431 cant.'
290 2400 350 2439 Lg.
379 2401 420 2429 42
447 2409 478 2438 p.
505 2409 548 2427 ιιι.
576 2397 633 2426 has
658 2395 797 2425 omitted
829 2400 836 2411 ⁴
848 2395 910 2431 de‚'

132 2454 192 2474 one
209 2443 246 2473 of
257 2453 354 2483 many
371 2442 478 2482 proofs
494 2441 568 2471 that
586 2440 698 2479 Lg.-1·2
712 2449 741 2478 p.
755 2449 798 2468 ιιι.
811 2438 837 2468 is
854 2440 911 2468 not

132 2486 299 2517 infallible.

182 2530 237 2559 Gn.
254 2526 423 2567 Serliwtm]
461 2531 468 2543 ‘
481 2524 647 2559 Sertinni,’
664 2534 698 2553 as
715 2523 844 2554 Ernesti
862 2534 910 2553 re-

131 2571 277 2607 marked‚
294 2572 320 2601 is
336 2581 377 2600 an
393 2569 557 2600 unknown
574 2567 695 2607 gentile
713 2577 815 2597 nunie.
839 2567 907 2596 The

133 2616 228 2646 MSS.
238 2615 320 2644 have
333 2614 398 2643 also
415 2617 423 2629 ‘
435 2612 584 2651 Sergium
597 2611 603 2622 ’
622 2610 685 2640 und
696 2610 790 2640 other
807 2610 907 2640 varie-

132 2659 204 2689 ties.
231 2658 350 2696 Zninpt
362 2656 419 2685 hus
436 2653 622 2689 ‘Sentiums
636 2653 685 2683 for
698 2653 802 2683 whieh
816 2653 908 2683 there

132 2702 158 2732 is
175 2712 216 2731 no
232 2699 412 2739 authority.

176 2742 359 2782 serenum-5]
408 2742 434 2770 A
463 2740 553 2770 usual
580 2739 762 2779 expression
789 2739 838 2769 for
868 2748 909 2768 ιιιι

134 2786 303 2817 indefinite
341 2784 488 2814 number.
550 2783 613 2812 l‘ro
645 2782 788 2817 Fonteio,
820 2792 847 2812 c.
879 2783 909 2816 3,

134 2830 196 2860 vol.
214 2829 246 2859 ii.

179 2873 217 2903 ob
248 2872 379 2901 decreta
415 2868 669 2910 interponenda]

193 2929 288 2956 VOL.
314 2927 341 2954 1.

731 2866 779 2898 Of
808 2867 913 2898 which

950 2738 1056 2778 jubet.
1081 2738 1104 2768 ἃ
1110 2748 1136 2767 e.
1147 2749 1156 2774 ς

957 2266 1060 2305 igitur
1073 2276 1110 2295 ex
1124 2265 1226 2295 causis
1243 2264 1376 2294 Praetor
1389 2266 1447 2294 ant
1459 2263 1633 2293 Proconsnl
1648 2264 1735 2303 prin-

957 2309 1105 2348 cipaliter
1117 2308 1162 2347 (in
1177 2308 1233 2337 the
1246 2308 1317 2337 tirst
1333 2307 1492 2345 instance)
1504 2307 1736 2336 nin-t‹n·itntein

954 2362 1043 2381 sumn
1057 2351 1204 2381 finiendis
1215 2350 1442 2380 voutrowrsiis
1452 2350 1619 2389 praeponit
1632 2362 1638 2382 ;
1649 2350 1734 2389 quod

955 2397 1027 2425 tuin
1052 2394 1190 2424 maxime
1214 2393 1293 2423 fneit
1314 2403 1387 2422 euni
1411 2393 1450 2422 de
1467 2393 1660 2432 possessione
1677 2396 1735 2422 unt

956 2437 1046 2477 qnasi
1074 2436 1267 2476 possessione
1297 2436 1384 2465 inter
1414 2436 1537 2475 aliquos
1567 2435 1734 2465 contendi-

956 2480 1045 2511 tui-3¹
1073 2480 1110 2510 ln
1124 2480 1189 2509 this
1201 2489 1333 2518 passage
1346 2479 1373 2509 it
1390 2479 1447 2508 hus
1463 2479 1542 2508 heen
1559 2478 1734 2517 suggested

956 2524 1030 2554 that
1041 2534 1086 2553 we
1098 2522 1213 2552 should
1229 2522 1306 2552 read
1323 2528 1330 2538 “
1342 2522 1523 2559 interponit
1536 2521 1542 2531 '
1560 2521 1591 2551 in
1604 2522 1692 2560 phu-e
1703 2522 1740 2550 ot·

956 2566 1145 2606 ‘praeponit
1158 2566 1166 2578 '
1185 2565 1399 2605 (lau-luminu.
1417 2564 1542 2603 Gaius).
1588 2564 1656 2594 'l'he
1672 2564 1734 2594 dis-

955 2609 1094 2640 tinction
1132 2609 1278 2639 between
1310 2608 1366 2638 the
1400 2607 1539 2637 Decreta
1576 2607 1640 2637 und
1679 2607 1735 2637 the

956 2652 1139 2683 Interdietu
1169 2652 1194 2680 is
1225 2651 1320 2689 given
1353 2650 1393 2690 hy
1426 2650 1525 2679 Gaius
1558 2650 1613 2689 (iv.
1647 2651 1660 2679 1
1676 2650 1734 2682 w).

955 2700 974 2712 “
989 2698 1147 2725 vocantur
1163 2696 1271 2723 autem
1289 2694 1419 2723 decreta
1437 2703 1509 2722 enin
1529 2693 1597 2722 fieri
1613 2693 1735 2731 nliqnid

1180 2736 1357 2767 interdieta
1384 2746 1458 2766 vero
1485 2746 1557 2765 euin
1586 2736 1737 2775 prohihet

956 2781 1058 2815 fieri‚‘'
1076 2781 1131 2810 &a

1003 2826 1059 2853 aul
1076 2824 1175 2853 Itonos
1192 2823 1314 2862 aliquis
1331 2821 1404 2861 xm]
1434 2821 1546 2851 Cicero
1562 2821 1684 2850 alhides
1702 2825 1735 2849 to

960 2867 1016 2900 the
1032 2866 1193 2897 universal
1210 2865 1352 2905 renality
1371 2864 1474 2894 which
1492 2864 1616 2894 existed
1633 2863 1734 2893 under

1490 2920 1509 2946 S
