1849 3167
511 135 637 178 ACT.
669 134 732 177 II.
765 133 952 177 LIBER
981 134 1225 177 PRIMUS.
1589 138 1670 180 125

71 255 164 293 tuos
203 250 395 309 contulit,
437 265 568 305 quum
606 250 652 292 in
691 254 734 292 te
772 250 898 291 homo
937 249 1026 305 ipse
1064 263 1220 291 nocens
1259 250 1511 292 acerrimum
1550 251 1668 293 testi-

69 317 261 364 monium
283 316 407 367 dixit,
439 331 571 372 quum
599 317 783 358 rationes
813 315 867 357 ad
896 315 1107 375 aerarium
1126 315 1210 356 nisi
1231 315 1430 357 damnato
1450 322 1492 357 te
1513 317 1669 359 refe-re

69 382 220 424 noluit.

126 447 296 489 XXXI.
329 447 543 489 Tantaene
573 453 682 498 tuae,
705 447 872 497 Verres,
894 445 1094 488 libidines
1116 451 1241 488 erunt
1267 451 1315 488 ut
1346 462 1414 489 eas
1445 462 1592 503 capere
1622 463 1669 489 ac

69 514 276 562 sustinere
296 529 383 555 non
403 513 646 568 provinciae
666 513 812 568 populi
838 512 1035 561 Romani,
1058 528 1144 554 non
1164 512 1357 554 nationes
1378 518 1546 554 exterae
1575 528 1668 568 pos-

70 580 191 621 sint?
249 580 368 621 Tune
398 580 511 635 quod
539 580 708 629 videris,
740 579 854 635 quod
883 578 1078 628 audieris,
1110 579 1224 634 quod
1253 578 1526 633 concupieris,
1559 579 1671 633 quod

70 645 282 700 cogitaris,
313 645 398 687 nisi
417 646 463 686 id
493 646 546 686 ad
575 650 729 705 nat—um
751 650 874 686 tuum
902 650 1069 699 praesto
1099 643 1240 694 fuerit,
1262 644 1346 685 nisi
1372 643 1543 685 libidini
1571 650 1670 685 tuae

68 711 374 766 cupiditatique
405 711 606 766 paruerit,
648 711 935 773 immittentur
968 701 1172 760 Homines,
1205 710 1566 766 expugnabuntur
1597 710 1668 752 do-

67 792 174 826 mus,
216 776 408 818 civitates
446 792 533 818 non
564 778 688 818 modo
718 781 905 833 pacatae,
940 792 1089 818 verum
1128 776 1259 817 etiam
1298 776 1505 818 sociorum
1543 781 1670 831 atque

69 842 300 883 amicorum
336 843 395 884 ad
433 843 523 884 vim
562 848 688 898 atque
728 843 782 884 ad
822 858 939 884 arma
978 842 1238 898 confugient,
1279 846 1328 882 ut
1368 842 1420 883 ab
1461 857 1503 883 se
1543 847 1670 897 atque

68 923 93 949 a
121 907 265 950 liberis
295 908 381 950 suis
401 908 535 964 legati
564 909 710 964 populi
740 908 925 950 Romani
955 909 1088 950 scelus
1110 923 1157 949 ac
1177 907 1402 948 libidinem
1422 907 1669 963 propulsare

67 973 266 1028 possint?
324 974 438 1014 Nam
459 989 613 1029 quaero
634 975 707 1016 abs
738 979 779 1015 te
804 974 1154 1015 circumsessusne
1184 973 1240 1014 sis
1261 973 1496 1028 Lampsaci,
1520 988 1667 1028 coepe-

66 1038 179 1079 ritne
209 1039 381 1080 domum
402 1039 448 1079 in
478 1055 561 1094 qua
586 1040 860 1081 deversabare
890 1039 964 1080 illa
993 1039 1223 1080 multitudo
1243 1039 1493 1089 incendere3
1524 1039 1667 1081 volue-

66 1104 210 1145 rintne
249 1104 440 1160 legatum
478 1105 625 1160 populi
664 1105 849 1146 Romani
887 1106 1130 1146 comburere
1179 1104 1326 1145 vivum
1375 1104 1666 1159 Lampsaceni.

65 1169 237 1224 Negare
267 1185 353 1211 non
382 1175 513 1225 potes.
574 1171 722 1212 Habeo
753 1171 869 1211 enim
897 1170 1189 1212 testimonium
1221 1168 1386 1226 [tuum]
1412 1171 1525 1225 quod
1555 1171 1668 1225 apud

64 1233 279 1276 Neronem
309 1235 481 1286 dixisti;
513 1235 646 1276 habeo
677 1250 781 1290 quas
811 1235 866 1276 ad
900 1235 1081 1276 eundem
1112 1235 1258 1277 literas
1289 1235 1455 1276 misisti.
1517 1235 1668 1277 Recita

62 1299 178 1340 hunc
198 1300 337 1354 ipsum
357 1300 497 1341 locum
517 1300 568 1341 de
599 1300 853 1341 testimonio.
915 1313 1219 1342 TEsrffloxIVM
1251 1315 1284 1342 c.
1317 1315 1478 1343 vnaius
1508 1316 1558 1343 IN
1588 1316 1665 1343 AR-

62 1379 342 1407 TEMIDORVM.
408 1365 580 1421 [Recita
610 1381 664 1407 ex
691 1365 838 1407 Verris
865 1365 1002 1407 literis
1033 1367 1087 1407 ad
1116 1366 1344 1408 Neronem.
1406 1381 1465 1408 Ex
1495 1381 1666 1408 LITERIS

64 1446 98 1473 c.
134 1446 294 1473 VERRIS
328 1446 387 1473 AD
427 1446 460 1473 c.
498 1431 735 1487 NERONEM]
799 1446 889 1473 NON
925 1446 1071 1473 MVLTO
1104 1446 1206 1473 POST
1241 1447 1290 1473 IN
1329 1446 1502 1474 DOMVM.
1563 1433 1664 1474 Bel-

61 1498 206 1539 lumne
226 1498 381 1553 populo
411 1498 604 1539 Romano
634 1498 922 1553 Lampsacena
952 1498 1101 1539 civitas
1122 1498 1260 1539 facere
1290 1499 1532 1548 conabatur,
1561 1499 1662 1540 defi-

62 1579 155 1605 cere
176 1564 228 1605 ab
249 1564 427 1619 imperio
449 1579 496 1605 ac
516 1563 688 1605 nomine
714 1570 859 1605 nostro
879 1563 1085 1606 volebat?
1144 1564 1281 1605 Video
1312 1564 1426 1605 enim
1457 1571 1499 1605 et
1529 1580 1582 1606 ex
1611 1565 1664 1606 iis

61 1645 169 1685 quae
189 1629 276 1685 legi
297 1635 339 1671 et
359 1629 504 1671 audivi
518 1629 727 1685 intelligo,
745 1629 791 1670 in
812 1645 895 1684 qua
917 1629 1089 1671 civitate
1101 1645 1186 1671 non
1202 1630 1326 1671 modo
1339 1629 1505 1684 legatus
1518 1630 1664 1686 populi

62 1695 248 1737 Romani
278 1696 587 1745 circumsessus,
618 1710 705 1736 non
734 1696 858 1736 modo
888 1695 995 1750 igni,
1018 1695 1142 1744 ferro,
1164 1710 1306 1744 manu,
1339 1695 1468 1750 copiis
1499 1710 1661 1751 oppug-

62 1769 199 1810 natus,
223 1762 295 1803 sed
315 1761 458 1816 aliqua
485 1776 538 1801 ex
566 1765 686 1815 parte
707 1760 888 1801 violatus
909 1760 976 1809 sit,
998 1760 1082 1801 nisi
1102 1760 1270 1814 publice
1300 1760 1560 1801 satisfactum
1592 1761 1660 1810 sit,

63 1826 103 1868 ei
123 1827 288 1868 civitati
307 1826 467 1868 bellum
486 1826 619 1866 indici
639 1831 764 1881 atque
780 1825 930 1866 inferri
950 1825 1093 1867 solere.
1157 1825 1274 1871 Quae
1287 1825 1369 1866 fuit
1389 1825 1523 1880 igitur
1539 1841 1662 1868 causa

62 1908 137 1934 cur
157 1898 308 1934 cuncta
329 1891 477 1933 civitas
498 1891 881 1945 Lampsacenorum
901 1891 953 1932 de
974 1891 1180 1940 contione,
1204 1891 1556 1945 quomadmodum
1569 1898 1661 1933 tute

62 1958 222 2008 scribis,
245 1958 416 1999 domum
445 1962 564 1998 tuam
585 1955 880 1997 concurrerit?
938 1955 1003 1996 Tu
1023 1955 1137 1996 enim
1161 1971 1297 2010 neque
1324 1956 1370 1996 in
1399 1956 1534 1997 litoris
1556 1972 1659 2012 quas

62 2024 225 2066 Neroni
245 2023 393 2073 mittis,
416 2037 552 2077 neque
573 2021 617 2062 in
638 2020 879 2062 testimonio
901 2035 1069 2062 causam
1099 2022 1210 2062 tanti
1236 2021 1443 2063 tumultus
1473 2023 1660 2065 ostendis

62 2090 208 2132 ullam.
271 2089 496 2131 Obsessum
524 2094 568 2129 tc
598 2087 714 2136 dicis,
747 2087 892 2142 ignem
923 2087 1112 2137 allatum,
1146 2092 1357 2128 sarmenta
1384 2087 1656 2139 circumdata,

60 2156 253 2198 lictorem
272 2161 395 2196 tuum
415 2154 596 2196 occisum
617 2168 703 2194 csso
723 2153 840 2202 dicis,
862 2153 1096 2208 prodeundi
1118 2153 1196 2194 tibi
1217 2153 1262 2193 in
1283 2153 1499 2207 publicum
1519 2160 1656 2209 potcs-

60 2226 193 2263 tatem
223 2220 379 2262 factam
408 2234 566 2275 negas:
598 2233 766 2260 causam
786 2218 913 2274 hujus
943 2219 1055 2259 tanti
1085 2218 1257 2259 terroris
1287 2218 1481 2260 occultas.
1542 2220 1657 2263 Nam

62 2287 246 2342 siquam
276 2285 463 2327 Rubrius
483 2283 684 2339 injuriam
706 2298 778 2325 suo
808 2284 979 2325 nominc
1009 2299 1055 2325 ac
1077 2299 1163 2325 non
1193 2284 1375 2339 impulsu
1408 2290 1480 2326 tuo
1511 2291 1552 2326 et
1583 2292 1656 2328 tua.

60 2352 291 2407 cupiditate
307 2351 483 2399 fecisset,
507 2350 557 2390 de
578 2349 641 2390 tui
662 2349 825 2391 comitis
846 2349 1003 2405 injuria
1023 2354 1218 2405 questum
1239 2349 1292 2390 ad
1313 2355 1354 2391 te
1375 2350 1514 2405 potius
1527 2366 1655 2407 quam

59 2425 102 2459 te
123 2423 416 2473 oppugnatum
437 2415 642 2456 venirent.
706 2414 848 2461 Quum
878 2415 1012 2470 igitur
1036 2430 1143 2470 quae
1167 2430 1290 2456 causa
1311 2415 1426 2458 illius
1447 2417 1654 2459 tumultus

59 2483 189 2525 fuerit
213 2488 340 2524 testes
369 2497 393 2523 a
423 2480 543 2522 nobis
572 2480 768 2536 producti
787 2480 988 2531 dixerint,
1011 2480 1100 2536 ipse
1131 2480 1290 2531 celarit,
1313 2496 1454 2523 nonne
1484 2497 1652 2525 causam

101 2589 257 2619 damnato
287 2587 334 2628 te]
382 2588 522 2617 Because
554 2586 715 2617 Dolabella
746 2587 831 2618 after
875 2589 973 2628 petua
989 2588 1056 2628 ojus
1072 2598 1108 2618 ac
1124 2588 1230 2618 servili
1247 2588 1428 2619 obediontia
1445 2600 1520 2629 erga
1533 2590 1651 2621 ill1nn'’

58 2633 108 2663 his
125 2632 370 2663 condemnation
387 2634 471 2660 went
488 2630 558 2660 into
582 2630 671 2665 exile,
695 2631 758 2661 and
781 2631 830 2661 his
877 2631 1034 2672 (Zumpt).
1073 2632 1149 2661 This
1166 2631 1293 2661 remark
1310 2632 1412 2662 shows
1429 2632 1543 2673 Zumpt
1552 2634 1650 2674 'sopi-

57 2676 208 2707 evidence
232 2675 325 2705 could
351 2676 407 2703 not
432 2674 470 2703 lw
494 2673 638 2704 received
653 2677 687 2704 to
703 2677 829 2705 eontra·
875 2675 949 2705 aion
966 2676 1002 2705 of
1014 2675 1190 2705 Lambinus
1216 2686 1249 2705 as
1274 2685 1314 2705 an
1339 2675 1444 2705 editor
1470 2676 1507 2705 of
1529 2677 1649 2707 Cicero.

57 2719 126 2750 dict
142 2719 198 2749 tho
214 2717 554 2748 accountsosvorrvs.
875 2718 1002 2748 Classen
1031 2718 1109 2756 (Pro
1135 2718 1294 2750 Cluentio.
1321 2730 1347 2748 ο.
1373 2719 1422 2753 1⁴3,
1449 2720 1536 2754 iloto)
1561 2720 1650 2758 givos

102 2763 153 2793 31.
180 2762 292 2791 Recita
309 2772 348 2790 ea·
373 2760 481 2789 ''m-rix
497 2759 570 2800 Mu]
604 2759 704 2791 These
715 2761 827 2797 words,
875 2761 1049 2791 lannbiuus
1065 2773 1082 2791 a
1100 2762 1207 2792 better
1229 2761 1417 2797 clxal·actv¹·;
1441 2762 1504 2792 and
1531 2763 1542 2792 l
1569 2763 1650 2803 hope

58 2816 93 2836 as
108 2805 158 2835 far
170 2816 203 2835 as
221 2804 271 2834 ‘C.
282 2804 312 2833 N
316 2803 465 2838 01·‹›nen¹‚'
478 2802 665 2834 “fluxorunt
681 2815 718 2834 ex
734 2804 829 2834 solius
873 2805 948 2836 that
964 2805 1003 2835 ho
1019 2805 1165 2835 dosia-vos
1181 2805 1218 2835 it.

60 2848 237 2879 Hotmnani
261 2847 418 2887 opinione,
441 2849 475 2877 et
498 2857 515 2876 a
540 2846 696 2877 Lambiuo
727 2848 830 2888 primo
916 2849 1116 2880 concurrerit
1129 2848 1159 2889 ἰ]
1179 2847 1648 2880 ‘concurrerent’dtt.()1·elli.

58 2896 181 2923 temere
203 2894 279 2922 sunt
302 2891 335 2921 in
358 2890 502 2921 ordinem
525 2892 663 2931 recepta,
679 2901 736 2931 pro
760 2901 829 2932 per-
