<?xml version="1.0" encoding="UTF-8"?>
<!DOCTYPE html PUBLIC "-//W3C//DTD XHTML 1.0 Transitional//EN"
    "http://www.w3.org/TR/xhtml1/DTD/xhtml1-transitional.dtd">
<html xmlns="http://www.w3.org/1999/xhtml" xml:lang="en" lang="en">
 <head>
  <title>
</title>
<meta http-equiv="Content-Type" content="text/html;charset=utf-8" />
  <meta name='ocr-system' content='tesseract 3.04.00' />
  <meta name='ocr-capabilities' content='ocr_page ocr_carea ocr_par ocr_line ocrx_word'/>
</head>
<body>
  <div class='ocr_page' id='page_1' title='image "./orationeswithcom01ciceuoft/orationeswithcom01ciceuoft_0551.png"; bbox 0 0 1849 3167; ppageno 0'>
   <div class='ocr_carea' id='block_1_1' title="bbox 555 114 1744 163">
    <p class='ocr_par' dir='ltr' id='par_1_1' title="bbox 555 114 1744 163">
     <span class='ocr_line' id='line_1_1' title="bbox 555 114 1744 163; baseline 0.001 -4"><span class='ocrx_word' id='word_1_1' title='bbox 555 116 683 159; x_wconf 83' lang='lat' dir='ltr'>AOT.</span> <span class='ocrx_word' id='word_1_2' title='bbox 716 117 780 159; x_wconf 88' lang='lat' dir='ltr'>II.</span> <span class='ocrx_word' id='word_1_3' title='bbox 813 115 1001 158; x_wconf 87' lang='lat' dir='ltr'>LIBER</span> <span class='ocrx_word' id='word_1_4' title='bbox 1033 114 1328 163; x_wconf 80' lang='lat' dir='ltr'>QUARTUS.</span> <span class='ocrx_word' id='word_1_5' title='bbox 1661 118 1744 160; x_wconf 80' lang='lat'>533</span> 
     </span>
    </p>
   </div>
   <div class='ocr_carea' id='block_1_2' title="bbox 76 230 1744 1985">
    <p class='ocr_par' dir='ltr' id='par_1_2' title="bbox 76 230 1744 1985">
     <span class='ocr_line' id='line_1_2' title="bbox 138 230 1744 288; baseline 0.001 -15"><span class='ocrx_word' id='word_1_6' title='bbox 138 231 280 274; x_wconf 88' lang='lat' dir='ltr'>vincia</span> <span class='ocrx_word' id='word_1_7' title='bbox 301 231 379 274; x_wconf 87' lang='lat' dir='ltr'>soli</span> <span class='ocrx_word' id='word_1_8' title='bbox 399 236 499 274; x_wconf 91' lang='lat' dir='ltr'>sunt</span> <span class='ocrx_word' id='word_1_9' title='bbox 512 232 586 288; x_wconf 92' lang='lat' dir='ltr'>qui</span> <span class='ocrx_word' id='word_1_10' title='bbox 606 236 649 274; x_wconf 92' lang='lat' dir='ltr'>te</span> <span class='ocrx_word' id='word_1_11' title='bbox 665 232 829 274; x_wconf 82' lang='lat' dir='ltr'>salvum</span> <span class='ocrx_word' id='word_1_12' title='bbox 842 231 977 273; x_wconf 87' lang='lat' dir='ltr'>velint</span> <span class='ocrx_word' id='word_1_13' title='bbox 992 247 1002 282; x_wconf 87' lang='lat'>;</span> <span class='ocrx_word' id='word_1_14' title='bbox 1024 230 1086 272; x_wconf 89' lang='lat' dir='ltr'>ita</span> <span class='ocrx_word' id='word_1_15' title='bbox 1106 235 1251 272; x_wconf 89' lang='lat' dir='ltr'>tamen</span> <span class='ocrx_word' id='word_1_16' title='bbox 1266 231 1441 273; x_wconf 86' lang='lat' dir='ltr'>laudent</span> <span class='ocrx_word' id='word_1_17' title='bbox 1457 235 1505 273; x_wconf 92' lang='lat' dir='ltr'>ut</span> <span class='ocrx_word' id='word_1_18' title='bbox 1520 230 1657 273; x_wconf 89' lang='lat' dir='ltr'>Heius</span> <span class='ocrx_word' id='word_1_19' title='bbox 1670 232 1744 288; x_wconf 90' lang='lat' dir='ltr'>qui</span> 
     </span>
     <span class='ocr_line' id='line_1_3' title="bbox 76 296 1743 353; baseline 0 -14"><span class='ocrx_word' id='word_1_20' title='bbox 76 341 77 344; x_wconf 11' lang='grc' dir='ltr'><strong>Ἴ</strong></span> <span class='ocrx_word' id='word_1_21' title='bbox 137 298 334 353; x_wconf 84' lang='lat' dir='ltr'>princeps</span> <span class='ocrx_word' id='word_1_22' title='bbox 355 298 581 353; x_wconf 75' lang='lat' dir='ltr'>legationis</span> <span class='ocrx_word' id='word_1_23' title='bbox 597 303 659 339; x_wconf 90' lang='lat' dir='ltr'>est</span> <span class='ocrx_word' id='word_1_24' title='bbox 680 297 814 347; x_wconf 83' lang='lat' dir='ltr'>adsit3</span> <span class='ocrx_word' id='word_1_25' title='bbox 837 296 899 338; x_wconf 87' lang='lat' dir='ltr'>ita</span> <span class='ocrx_word' id='word_1_26' title='bbox 918 297 1094 338; x_wconf 88' lang='lat' dir='ltr'>laudent</span> <span class='ocrx_word' id='word_1_27' title='bbox 1115 302 1163 338; x_wconf 90' lang='lat' dir='ltr'>ut</span> <span class='ocrx_word' id='word_1_28' title='bbox 1184 298 1239 338; x_wconf 88' lang='lat' dir='ltr'>ad</span> <span class='ocrx_word' id='word_1_29' title='bbox 1259 312 1307 338; x_wconf 84' lang='lat' dir='ltr'>ea</span> <span class='ocrx_word' id='word_1_30' title='bbox 1328 312 1435 352; x_wconf 89' lang='lat' dir='ltr'>quae</span> <span class='ocrx_word' id='word_1_31' title='bbox 1456 298 1596 352; x_wconf 83' lang='lat' dir='ltr'>rogati</span> <span class='ocrx_word' id='word_1_32' title='bbox 1617 303 1743 339; x_wconf 89' lang='lat' dir='ltr'>erunt</span> 
     </span>
     <span class='ocr_line' id='line_1_4' title="bbox 136 362 1742 419; baseline 0 -14"><span class='ocrx_word' id='word_1_33' title='bbox 136 364 245 405; x_wconf 83' lang='lat' dir='ltr'>mihi</span> <span class='ocrx_word' id='word_1_34' title='bbox 267 365 405 419; x_wconf 86' lang='lat' dir='ltr'>parati</span> <span class='ocrx_word' id='word_1_35' title='bbox 426 365 512 405; x_wconf 90' lang='lat' dir='ltr'>sint</span> <span class='ocrx_word' id='word_1_36' title='bbox 532 364 797 418; x_wconf 88' lang='lat' dir='ltr'>respondere.</span> <span class='ocrx_word' id='word_1_37' title='bbox 859 362 923 403; x_wconf 88' lang='lat' dir='ltr'>Ac</span> <span class='ocrx_word' id='word_1_38' title='bbox 944 378 998 404; x_wconf 91' lang='lat' dir='ltr'>ne</span> <span class='ocrx_word' id='word_1_39' title='bbox 1019 362 1158 404; x_wconf 91' lang='lat' dir='ltr'>subito</span> <span class='ocrx_word' id='word_1_40' title='bbox 1180 378 1204 403; x_wconf 91' lang='lat' dir='ltr'>a</span> <span class='ocrx_word' id='word_1_41' title='bbox 1224 378 1292 403; x_wconf 91' lang='lat' dir='ltr'>me</span> <span class='ocrx_word' id='word_1_42' title='bbox 1314 363 1610 417; x_wconf 82' lang='lat' dir='ltr'>opprimantur</span> <span class='ocrx_word' id='word_1_43' title='bbox 1639 364 1742 405; x_wconf 86' lang='lat' dir='ltr'>haec</span> 
     </span>
     <span class='ocr_line' id='line_1_5' title="bbox 137 428 1739 485; baseline 0 -15"><span class='ocrx_word' id='word_1_44' title='bbox 137 445 232 471; x_wconf 89' lang='lat' dir='ltr'>sum</span> <span class='ocrx_word' id='word_1_45' title='bbox 267 436 492 485; x_wconf 76' lang='lat' dir='ltr'>rogaturus</span> <span class='ocrx_word' id='word_1_46' title='bbox 509 446 516 471; x_wconf 94' lang='lat'>:</span> <span class='ocrx_word' id='word_1_47' title='bbox 555 430 721 471; x_wconf 87' lang='lat' dir='ltr'>Navem</span> <span class='ocrx_word' id='word_1_48' title='bbox 752 428 907 483; x_wconf 87' lang='lat' dir='ltr'>populo</span> <span class='ocrx_word' id='word_1_49' title='bbox 940 428 1134 469; x_wconf 87' lang='lat' dir='ltr'>Romano</span> <span class='ocrx_word' id='word_1_50' title='bbox 1167 428 1440 469; x_wconf 78' lang='lat' dir='ltr'>debeantne?</span> <span class='ocrx_word' id='word_1_51' title='bbox 1477 428 1739 470; x_wconf 76' lang='lat' dir='ltr'>fatebuntur.</span> 
     </span>
     <span class='ocr_line' id='line_1_6' title="bbox 136 493 1741 550; baseline -0.001 -14"><span class='ocrx_word' id='word_1_52' title='bbox 136 494 473 536; x_wconf 89' lang='lat' dir='ltr'>Praebuerintne</span> <span class='ocrx_word' id='word_1_53' title='bbox 493 500 685 550; x_wconf 87' lang='lat' dir='ltr'>praetore</span> <span class='ocrx_word' id='word_1_54' title='bbox 707 493 752 534; x_wconf 82' lang='lat' dir='ltr'>O.</span> <span class='ocrx_word' id='word_1_55' title='bbox 768 494 902 534; x_wconf 88' lang='lat' dir='ltr'>Verre</span> <span class='ocrx_word' id='word_1_56' title='bbox 917 494 937 534; x_wconf 69' lang='grc' dir='ltr'><em>Ρ</em></span> <span class='ocrx_word' id='word_1_57' title='bbox 960 493 1193 548; x_wconf 86' lang='lat' dir='ltr'>negabunt.</span> <span class='ocrx_word' id='word_1_58' title='bbox 1231 493 1567 534; x_wconf 88' lang='lat' dir='ltr'>Aedificarintne</span> <span class='ocrx_word' id='word_1_59' title='bbox 1588 509 1741 535; x_wconf 68' lang='lat' dir='ltr'>navem</span> 
     </span>
     <span class='ocr_line' id='line_1_7' title="bbox 137 558 1740 615; baseline -0.001 -14"><span class='ocrx_word' id='word_1_60' title='bbox 137 560 375 601; x_wconf 87' lang='lat' dir='ltr'>onerariam</span> <span class='ocrx_word' id='word_1_61' title='bbox 406 561 637 601; x_wconf 81' lang='lat' dir='ltr'>maximam</span> <span class='ocrx_word' id='word_1_62' title='bbox 672 559 838 615; x_wconf 89' lang='lat' dir='ltr'>publice</span> <span class='ocrx_word' id='word_1_63' title='bbox 870 574 999 615; x_wconf 87' lang='lat' dir='ltr'>quam</span> <span class='ocrx_word' id='word_1_64' title='bbox 1030 558 1160 600; x_wconf 90' lang='lat' dir='ltr'>Verri</span> <span class='ocrx_word' id='word_1_65' title='bbox 1191 559 1437 600; x_wconf 82' lang='lat' dir='ltr'>dederunt?</span> <span class='ocrx_word' id='word_1_66' title='bbox 1469 573 1627 613; x_wconf 84' lang='lat' dir='ltr'>negare</span> <span class='ocrx_word' id='word_1_67' title='bbox 1654 574 1740 599; x_wconf 91' lang='lat' dir='ltr'>non</span> 
     </span>
     <span class='ocr_line' id='line_1_8' title="bbox 412 624 1740 680; baseline 0 -14"><span class='ocrx_word' id='word_1_68' title='bbox 412 626 696 667; x_wconf 80' lang='lat' dir='ltr'>Frumentum</span> <span class='ocrx_word' id='word_1_69' title='bbox 724 626 775 667; x_wconf 91' lang='lat' dir='ltr'>ab</span> <span class='ocrx_word' id='word_1_70' title='bbox 802 625 855 666; x_wconf 89' lang='lat' dir='ltr'>iis</span> <span class='ocrx_word' id='word_1_71' title='bbox 882 624 1165 679; x_wconf 74' lang='lat' dir='ltr'>sumpseritne</span> <span class='ocrx_word' id='word_1_72' title='bbox 1188 624 1233 665; x_wconf 84' lang='lat' dir='ltr'>C.</span> <span class='ocrx_word' id='word_1_73' title='bbox 1258 624 1413 666; x_wconf 84' lang='lat' dir='ltr'>Verres</span> <span class='ocrx_word' id='word_1_74' title='bbox 1444 625 1557 680; x_wconf 91' lang='lat' dir='ltr'>quod</span> <span class='ocrx_word' id='word_1_75' title='bbox 1584 624 1740 679; x_wconf 90' lang='lat' dir='ltr'>populo</span> 
     </span>
     <span class='ocr_line' id='line_1_9' title="bbox 135 689 1740 746; baseline -0.001 -15"><span class='ocrx_word' id='word_1_76' title='bbox 135 689 331 733; x_wconf 88' lang='lat' dir='ltr'>Romano</span> <span class='ocrx_word' id='word_1_77' title='bbox 352 692 554 741; x_wconf 89' lang='lat' dir='ltr'>mitteret,</span> <span class='ocrx_word' id='word_1_78' title='bbox 577 690 703 732; x_wconf 88' lang='lat' dir='ltr'>sicuti</span> <span class='ocrx_word' id='word_1_79' title='bbox 727 690 995 746; x_wconf 78' lang='lat' dir='ltr'>superiores?</span> <span class='ocrx_word' id='word_1_80' title='bbox 1025 691 1259 745; x_wconf 83' lang='lat' dir='ltr'>negabunt.</span> <span class='ocrx_word' id='word_1_81' title='bbox 1322 689 1437 737; x_wconf 76' lang='lat' dir='ltr'>Quid</span> <span class='ocrx_word' id='word_1_82' title='bbox 1456 689 1644 731; x_wconf 88' lang='lat' dir='ltr'>militum</span> <span class='ocrx_word' id='word_1_83' title='bbox 1666 694 1740 731; x_wconf 90' lang='lat' dir='ltr'>aut</span> 
     </span>
     <span class='ocr_line' id='line_1_10' title="bbox 134 754 1739 811; baseline 0 -15"><span class='ocrx_word' id='word_1_84' title='bbox 134 761 363 797; x_wconf 87' lang='lat' dir='ltr'>nautarum</span> <span class='ocrx_word' id='word_1_85' title='bbox 390 772 466 811; x_wconf 89' lang='lat' dir='ltr'>per</span> <span class='ocrx_word' id='word_1_86' title='bbox 492 756 727 797; x_wconf 77' lang='lat' dir='ltr'>triennium</span> <span class='ocrx_word' id='word_1_87' title='bbox 756 756 986 797; x_wconf 79' lang='lat' dir='ltr'>dederint?</span> <span class='ocrx_word' id='word_1_88' title='bbox 1016 754 1183 796; x_wconf 90' lang='lat' dir='ltr'>nullum</span> <span class='ocrx_word' id='word_1_89' title='bbox 1204 756 1351 796; x_wconf 88' lang='lat' dir='ltr'>datum</span> <span class='ocrx_word' id='word_1_90' title='bbox 1373 755 1527 796; x_wconf 89' lang='lat' dir='ltr'>dicent.</span> <span class='ocrx_word' id='word_1_91' title='bbox 1589 755 1739 797; x_wconf 86' lang='lat' dir='ltr'>Fuisse</span> 
     </span>
     <span class='ocr_line' id='line_1_11' title="bbox 135 820 1736 875; baseline -0.001 -14"><span class='ocrx_word' id='word_1_92' title='bbox 135 820 375 863; x_wconf 83' lang='lat' dir='ltr'>Messanam</span> <span class='ocrx_word' id='word_1_93' title='bbox 398 822 585 862; x_wconf 88' lang='lat' dir='ltr'>omnium</span> <span class='ocrx_word' id='word_1_94' title='bbox 616 822 738 863; x_wconf 89' lang='lat' dir='ltr'>istius</span> <span class='ocrx_word' id='word_1_95' title='bbox 759 821 970 863; x_wconf 88' lang='lat' dir='ltr'>furtorum</span> <span class='ocrx_word' id='word_1_96' title='bbox 1001 836 1048 862; x_wconf 89' lang='lat' dir='ltr'>ac</span> <span class='ocrx_word' id='word_1_97' title='bbox 1075 821 1332 875; x_wconf 87' lang='lat' dir='ltr'>praedarum</span> <span class='ocrx_word' id='word_1_98' title='bbox 1358 820 1636 875; x_wconf 84' lang='lat' dir='ltr'>receptricem</span> <span class='ocrx_word' id='word_1_99' title='bbox 1663 835 1736 861; x_wconf 90' lang='lat' dir='ltr'>ne-</span> 
     </span>
     <span class='ocr_line' id='line_1_12' title="bbox 135 885 1737 942; baseline 0 -15"><span class='ocrx_word' id='word_1_100' title='bbox 135 901 236 941; x_wconf 87' lang='lat' dir='ltr'>gare</span> <span class='ocrx_word' id='word_1_101' title='bbox 257 902 343 928; x_wconf 92' lang='lat' dir='ltr'>non</span> <span class='ocrx_word' id='word_1_102' title='bbox 365 892 588 942; x_wconf 87' lang='lat' dir='ltr'>poterunt:</span> <span class='ocrx_word' id='word_1_103' title='bbox 615 887 828 942; x_wconf 83' lang='lat' dir='ltr'>permulta</span> <span class='ocrx_word' id='word_1_104' title='bbox 848 886 995 927; x_wconf 88' lang='lat' dir='ltr'>multis</span> <span class='ocrx_word' id='word_1_105' title='bbox 1014 886 1194 927; x_wconf 87' lang='lat' dir='ltr'>navibus</span> <span class='ocrx_word' id='word_1_106' title='bbox 1215 885 1335 926; x_wconf 88' lang='lat' dir='ltr'>illinc</span> <span class='ocrx_word' id='word_1_107' title='bbox 1357 890 1602 940; x_wconf 80' lang='lat' dir='ltr'>exportata:</span> <span class='ocrx_word' id='word_1_108' title='bbox 1626 886 1737 928; x_wconf 89' lang='lat' dir='ltr'>hanc</span> 
     </span>
     <span class='ocr_line' id='line_1_13' title="bbox 133 951 1736 1007; baseline 0 -15"><span class='ocrx_word' id='word_1_109' title='bbox 133 967 287 994; x_wconf 88' lang='lat' dir='ltr'>navem</span> <span class='ocrx_word' id='word_1_110' title='bbox 317 952 499 1007; x_wconf 87' lang='lat' dir='ltr'>denique</span> <span class='ocrx_word' id='word_1_111' title='bbox 526 952 759 993; x_wconf 81' lang='lat' dir='ltr'>maximam</span> <span class='ocrx_word' id='word_1_112' title='bbox 786 967 810 992; x_wconf 91' lang='lat' dir='ltr'>a</span> <span class='ocrx_word' id='word_1_113' title='bbox 837 951 1108 992; x_wconf 82' lang='lat' dir='ltr'>Mamertinis</span> <span class='ocrx_word' id='word_1_114' title='bbox 1136 951 1281 991; x_wconf 83' lang='lat' dir='ltr'>(latam</span> <span class='ocrx_word' id='word_1_115' title='bbox 1307 956 1502 991; x_wconf 77' lang='lat' dir='ltr'>onustam</span> <span class='ocrx_word' id='word_1_116' title='bbox 1531 966 1627 991; x_wconf 89' lang='lat' dir='ltr'>cum</span> <span class='ocrx_word' id='word_1_117' title='bbox 1655 951 1736 992; x_wconf 86' lang='lat' dir='ltr'>isto</span> 
     </span>
     <span class='ocr_line' id='line_1_14' title="bbox 133 1015 1734 1072; baseline -0.002 -13"><span class='ocrx_word' id='word_1_118' title='bbox 133 1018 365 1072; x_wconf 88' lang='lat' dir='ltr'>profectam</span> <span class='ocrx_word' id='word_1_119' title='bbox 397 1018 656 1059; x_wconf 87' lang='lat' dir='ltr'>fatebuntur.</span> <span class='ocrx_word' id='word_1_120' title='bbox 720 1016 1005 1062; x_wconf 77' lang='lat' dir='ltr'>Quamobrem</span> <span class='ocrx_word' id='word_1_121' title='bbox 1040 1016 1120 1057; x_wconf 90' lang='lat' dir='ltr'>tibi</span> <span class='ocrx_word' id='word_1_122' title='bbox 1154 1015 1263 1057; x_wconf 81' lang='lat' dir='ltr'>habe</span> <span class='ocrx_word' id='word_1_123' title='bbox 1299 1031 1398 1056; x_wconf 89' lang='lat' dir='ltr'>sane</span> <span class='ocrx_word' id='word_1_124' title='bbox 1433 1015 1558 1056; x_wconf 88' lang='lat' dir='ltr'>istam</span> <span class='ocrx_word' id='word_1_125' title='bbox 1588 1015 1734 1057; x_wconf 87' lang='lat' dir='ltr'>lauda-</span> 
     </span>
     <span class='ocr_line' id='line_1_15' title="bbox 132 1080 1736 1137; baseline -0.001 -14"><span class='ocrx_word' id='word_1_126' title='bbox 132 1083 293 1124; x_wconf 87' lang='lat' dir='ltr'>tionem</span> <span class='ocrx_word' id='word_1_127' title='bbox 315 1082 695 1124; x_wconf 82' lang='lat' dir='ltr'>Mamertinorum:</span> <span class='ocrx_word' id='word_1_128' title='bbox 728 1081 1039 1137; x_wconf 81' lang='lat' dir='ltr'>Syracusanam</span> <span class='ocrx_word' id='word_1_129' title='bbox 1062 1081 1235 1136; x_wconf 91' lang='lat' dir='ltr'>quidem</span> <span class='ocrx_word' id='word_1_130' title='bbox 1262 1080 1493 1129; x_wconf 88' lang='lat' dir='ltr'>civitatem,</span> <span class='ocrx_word' id='word_1_131' title='bbox 1516 1086 1564 1121; x_wconf 87' lang='lat' dir='ltr'>ut</span> <span class='ocrx_word' id='word_1_132' title='bbox 1592 1081 1665 1122; x_wconf 89' lang='lat' dir='ltr'>abs</span> <span class='ocrx_word' id='word_1_133' title='bbox 1693 1086 1736 1122; x_wconf 85' lang='lat' dir='ltr'>te</span> 
     </span>
     <span class='ocr_line' id='line_1_16' title="bbox 133 1146 1735 1201; baseline -0.002 -12"><span class='ocrx_word' id='word_1_134' title='bbox 133 1147 282 1189; x_wconf 87' lang='lat' dir='ltr'>affecta</span> <span class='ocrx_word' id='word_1_135' title='bbox 317 1153 391 1198; x_wconf 89' lang='lat' dir='ltr'>est,</span> <span class='ocrx_word' id='word_1_136' title='bbox 424 1148 485 1189; x_wconf 90' lang='lat' dir='ltr'>ita</span> <span class='ocrx_word' id='word_1_137' title='bbox 525 1147 571 1188; x_wconf 89' lang='lat' dir='ltr'>in</span> <span class='ocrx_word' id='word_1_138' title='bbox 610 1153 653 1188; x_wconf 87' lang='lat' dir='ltr'>te</span> <span class='ocrx_word' id='word_1_139' title='bbox 688 1162 776 1188; x_wconf 91' lang='lat' dir='ltr'>esse</span> <span class='ocrx_word' id='word_1_140' title='bbox 811 1147 1044 1187; x_wconf 86' lang='lat' dir='ltr'>animatam</span> <span class='ocrx_word' id='word_1_141' title='bbox 1078 1146 1283 1194; x_wconf 83' lang='lat' dir='ltr'>videmus,</span> <span class='ocrx_word' id='word_1_142' title='bbox 1318 1146 1431 1200; x_wconf 85' lang='lat' dir='ltr'>apud</span> <span class='ocrx_word' id='word_1_143' title='bbox 1465 1161 1570 1201; x_wconf 90' lang='lat' dir='ltr'>quos</span> <span class='ocrx_word' id='word_1_144' title='bbox 1605 1146 1735 1187; x_wconf 87' lang='lat' dir='ltr'>etiam</span> 
     </span>
     <span class='ocr_line' id='line_1_17' title="bbox 132 1210 1735 1268; baseline -0.001 -13"><span class='ocrx_word' id='word_1_145' title='bbox 132 1213 285 1255; x_wconf 89' lang='lat' dir='ltr'>Verria</span> <span class='ocrx_word' id='word_1_146' title='bbox 306 1213 380 1254; x_wconf 87' lang='lat' dir='ltr'>illa</span> <span class='ocrx_word' id='word_1_147' title='bbox 402 1213 612 1268; x_wconf 83' lang='lat' dir='ltr'>flagitiosa</span> <span class='ocrx_word' id='word_1_148' title='bbox 633 1211 799 1253; x_wconf 88' lang='lat' dir='ltr'>sublata</span> <span class='ocrx_word' id='word_1_149' title='bbox 820 1217 930 1252; x_wconf 89' lang='lat' dir='ltr'>sunt.</span> <span class='ocrx_word' id='word_1_150' title='bbox 992 1211 1167 1252; x_wconf 89' lang='lat' dir='ltr'>Etenim</span> <span class='ocrx_word' id='word_1_151' title='bbox 1193 1210 1370 1251; x_wconf 88' lang='lat' dir='ltr'>minime</span> <span class='ocrx_word' id='word_1_152' title='bbox 1397 1211 1674 1252; x_wconf 86' lang='lat' dir='ltr'>conveniebat</span> <span class='ocrx_word' id='word_1_153' title='bbox 1696 1211 1735 1254; x_wconf 84' lang='lat' dir='ltr'>ei</span> 
     </span>
     <span class='ocr_line' id='line_1_18' title="bbox 131 1276 1735 1332; baseline -0.001 -12"><span class='ocrx_word' id='word_1_154' title='bbox 131 1279 307 1320; x_wconf 89' lang='lat' dir='ltr'>deorum</span> <span class='ocrx_word' id='word_1_155' title='bbox 335 1279 516 1319; x_wconf 89' lang='lat' dir='ltr'>honores</span> <span class='ocrx_word' id='word_1_156' title='bbox 546 1277 694 1319; x_wconf 90' lang='lat' dir='ltr'>haberi</span> <span class='ocrx_word' id='word_1_157' title='bbox 715 1277 789 1332; x_wconf 92' lang='lat' dir='ltr'>qui</span> <span class='ocrx_word' id='word_1_158' title='bbox 820 1276 1047 1318; x_wconf 86' lang='lat' dir='ltr'>simulacra</span> <span class='ocrx_word' id='word_1_159' title='bbox 1069 1277 1242 1317; x_wconf 89' lang='lat' dir='ltr'>deorum</span> <span class='ocrx_word' id='word_1_160' title='bbox 1274 1276 1528 1317; x_wconf 88' lang='lat' dir='ltr'>abstulisset.</span> <span class='ocrx_word' id='word_1_161' title='bbox 1590 1276 1735 1318; x_wconf 88' lang='lat' dir='ltr'>Etiam</span> 
     </span>
     <span class='ocr_line' id='line_1_19' title="bbox 129 1341 1736 1399; baseline -0.001 -14"><span class='ocrx_word' id='word_1_162' title='bbox 129 1344 300 1385; x_wconf 89' lang='lat' dir='ltr'>hercule</span> <span class='ocrx_word' id='word_1_163' title='bbox 321 1344 429 1385; x_wconf 92' lang='lat' dir='ltr'>illud</span> <span class='ocrx_word' id='word_1_164' title='bbox 449 1343 495 1384; x_wconf 89' lang='lat' dir='ltr'>in</span> <span class='ocrx_word' id='word_1_165' title='bbox 516 1342 792 1398; x_wconf 79' lang='lat' dir='ltr'>Syracusanis</span> <span class='ocrx_word' id='word_1_166' title='bbox 812 1342 965 1383; x_wconf 89' lang='lat' dir='ltr'>merito</span> <span class='ocrx_word' id='word_1_167' title='bbox 987 1341 1381 1396; x_wconf 86' lang='lat' dir='ltr'>reprehenderetur,</span> <span class='ocrx_word' id='word_1_168' title='bbox 1405 1341 1452 1391; x_wconf 88' lang='lat' dir='ltr'>si,</span> <span class='ocrx_word' id='word_1_169' title='bbox 1468 1357 1599 1399; x_wconf 87' lang='lat' dir='ltr'>quum</span> <span class='ocrx_word' id='word_1_170' title='bbox 1622 1342 1736 1383; x_wconf 88' lang='lat' dir='ltr'>diem</span> 
     </span>
     <span class='ocr_line' id='line_1_20' title="bbox 129 1407 1734 1451; baseline -0.002 0"><span class='ocrx_word' id='word_1_171' title='bbox 129 1409 285 1451; x_wconf 87' lang='lat' dir='ltr'>festum</span> <span class='ocrx_word' id='word_1_172' title='bbox 305 1410 504 1451; x_wconf 90' lang='lat' dir='ltr'>ludorum</span> <span class='ocrx_word' id='word_1_173' title='bbox 524 1409 577 1449; x_wconf 92' lang='lat' dir='ltr'>de</span> <span class='ocrx_word' id='word_1_174' title='bbox 598 1408 717 1449; x_wconf 87' lang='lat' dir='ltr'>fastis</span> <span class='ocrx_word' id='word_1_175' title='bbox 743 1407 828 1449; x_wconf 88' lang='lat' dir='ltr'>suis</span> <span class='ocrx_word' id='word_1_176' title='bbox 858 1407 1127 1449; x_wconf 85' lang='lat' dir='ltr'>sustulissent</span> <span class='ocrx_word' id='word_1_177' title='bbox 1148 1407 1470 1448; x_wconf 87' lang='lat' dir='ltr'>celeberrimum</span> <span class='ocrx_word' id='word_1_178' title='bbox 1491 1411 1533 1448; x_wconf 90' lang='lat' dir='ltr'>et</span> <span class='ocrx_word' id='word_1_179' title='bbox 1558 1407 1734 1448; x_wconf 85' lang='lat' dir='ltr'>sanctis-</span> 
     </span>
     <span class='ocr_line' id='line_1_21' title="bbox 129 1472 1732 1531; baseline -0.001 -15"><span class='ocrx_word' id='word_1_180' title='bbox 129 1475 296 1525; x_wconf 88' lang='lat' dir='ltr'>simum,</span> <span class='ocrx_word' id='word_1_181' title='bbox 312 1475 426 1531; x_wconf 91' lang='lat' dir='ltr'>quod</span> <span class='ocrx_word' id='word_1_182' title='bbox 445 1489 493 1516; x_wconf 93' lang='lat' dir='ltr'>eo</span> <span class='ocrx_word' id='word_1_183' title='bbox 514 1474 605 1529; x_wconf 90' lang='lat' dir='ltr'>ipso</span> <span class='ocrx_word' id='word_1_184' title='bbox 627 1473 695 1514; x_wconf 90' lang='lat' dir='ltr'>die</span> <span class='ocrx_word' id='word_1_185' title='bbox 717 1473 948 1529; x_wconf 83' lang='lat' dir='ltr'>Syracusae</span> <span class='ocrx_word' id='word_1_186' title='bbox 969 1489 993 1514; x_wconf 89' lang='lat' dir='ltr'>a</span> <span class='ocrx_word' id='word_1_187' title='bbox 1015 1472 1220 1515; x_wconf 88' lang='lat' dir='ltr'>Marcello</span> <span class='ocrx_word' id='word_1_188' title='bbox 1241 1477 1389 1527; x_wconf 87' lang='lat' dir='ltr'>captae</span> <span class='ocrx_word' id='word_1_189' title='bbox 1410 1487 1498 1513; x_wconf 85' lang='lat' dir='ltr'>esse</span> <span class='ocrx_word' id='word_1_190' title='bbox 1519 1472 1732 1523; x_wconf 86' lang='lat' dir='ltr'>dicuntur,</span> 
     </span>
     <span class='ocr_line' id='line_1_22' title="bbox 128 1537 1735 1594; baseline -0.001 -12"><span class='ocrx_word' id='word_1_191' title='bbox 128 1541 258 1582; x_wconf 89' lang='lat' dir='ltr'>iidem</span> <span class='ocrx_word' id='word_1_192' title='bbox 279 1541 392 1582; x_wconf 92' lang='lat' dir='ltr'>diem</span> <span class='ocrx_word' id='word_1_193' title='bbox 414 1540 569 1581; x_wconf 90' lang='lat' dir='ltr'>festum</span> <span class='ocrx_word' id='word_1_194' title='bbox 589 1538 738 1580; x_wconf 89' lang='lat' dir='ltr'>Verris</span> <span class='ocrx_word' id='word_1_195' title='bbox 758 1539 931 1580; x_wconf 89' lang='lat' dir='ltr'>nomine</span> <span class='ocrx_word' id='word_1_196' title='bbox 952 1543 1142 1594; x_wconf 85' lang='lat' dir='ltr'>agerent,</span> <span class='ocrx_word' id='word_1_197' title='bbox 1157 1553 1290 1593; x_wconf 90' lang='lat' dir='ltr'>quum</span> <span class='ocrx_word' id='word_1_198' title='bbox 1310 1537 1391 1579; x_wconf 88' lang='lat' dir='ltr'>iste</span> <span class='ocrx_word' id='word_1_199' title='bbox 1412 1553 1436 1578; x_wconf 87' lang='lat' dir='ltr'>a</span> <span class='ocrx_word' id='word_1_200' title='bbox 1457 1537 1735 1593; x_wconf 83' lang='lat' dir='ltr'>Syracusanis</span> 
     </span>
     <span class='ocr_line' id='line_1_23' title="bbox 129 1603 1734 1662; baseline -0.002 -14"><span class='ocrx_word' id='word_1_201' title='bbox 129 1622 237 1662; x_wconf 90' lang='lat' dir='ltr'>quae</span> <span class='ocrx_word' id='word_1_202' title='bbox 257 1606 330 1647; x_wconf 91' lang='lat' dir='ltr'>ille</span> <span class='ocrx_word' id='word_1_203' title='bbox 351 1606 620 1647; x_wconf 87' lang='lat' dir='ltr'>calamitosus</span> <span class='ocrx_word' id='word_1_204' title='bbox 641 1604 730 1645; x_wconf 88' lang='lat' dir='ltr'>dies</span> <span class='ocrx_word' id='word_1_205' title='bbox 750 1604 980 1659; x_wconf 84' lang='lat' dir='ltr'>reliquerat</span> <span class='ocrx_word' id='word_1_206' title='bbox 1002 1603 1240 1645; x_wconf 87' lang='lat' dir='ltr'>ademisset.</span> <span class='ocrx_word' id='word_1_207' title='bbox 1302 1603 1364 1644; x_wconf 90' lang='lat' dir='ltr'>At</span> <span class='ocrx_word' id='word_1_208' title='bbox 1385 1603 1527 1644; x_wconf 86' lang='lat' dir='ltr'>videte</span> <span class='ocrx_word' id='word_1_209' title='bbox 1547 1603 1734 1645; x_wconf 89' lang='lat' dir='ltr'>hominis</span> 
     </span>
     <span class='ocr_line' id='line_1_24' title="bbox 129 1668 1733 1727; baseline -0.001 -15"><span class='ocrx_word' id='word_1_210' title='bbox 129 1671 439 1727; x_wconf 86' lang='lat' dir='ltr'>impudentiam</span> <span class='ocrx_word' id='word_1_211' title='bbox 471 1676 598 1725; x_wconf 85' lang='lat' dir='ltr'>atque</span> <span class='ocrx_word' id='word_1_212' title='bbox 633 1669 936 1724; x_wconf 80' lang='lat' dir='ltr'>arrogantiam,</span> <span class='ocrx_word' id='word_1_213' title='bbox 966 1669 1144 1724; x_wconf 88' lang='lat' dir='ltr'>judices,</span> <span class='ocrx_word' id='word_1_214' title='bbox 1178 1668 1252 1723; x_wconf 92' lang='lat' dir='ltr'>qui</span> <span class='ocrx_word' id='word_1_215' title='bbox 1288 1683 1373 1709; x_wconf 92' lang='lat' dir='ltr'>non</span> <span class='ocrx_word' id='word_1_216' title='bbox 1410 1668 1545 1709; x_wconf 88' lang='lat' dir='ltr'>solum</span> <span class='ocrx_word' id='word_1_217' title='bbox 1579 1669 1733 1710; x_wconf 83' lang='lat' dir='ltr'>Verria</span> 
     </span>
     <span class='ocr_line' id='line_1_25' title="bbox 127 1733 1732 1790; baseline -0.003 -12"><span class='ocrx_word' id='word_1_218' title='bbox 127 1737 233 1778; x_wconf 87' lang='lat' dir='ltr'>haec</span> <span class='ocrx_word' id='word_1_219' title='bbox 268 1735 411 1790; x_wconf 88' lang='lat' dir='ltr'>turpia</span> <span class='ocrx_word' id='word_1_220' title='bbox 443 1738 503 1776; x_wconf 68' lang='lat' dir='ltr'>ac‘</span> <span class='ocrx_word' id='word_1_221' title='bbox 524 1735 704 1776; x_wconf 88' lang='lat' dir='ltr'>ridicula</span> <span class='ocrx_word' id='word_1_222' title='bbox 736 1749 789 1775; x_wconf 80' lang='lat' dir='ltr'>ex</span> <span class='ocrx_word' id='word_1_223' title='bbox 821 1734 1013 1775; x_wconf 90' lang='lat' dir='ltr'>Heraclii</span> <span class='ocrx_word' id='word_1_224' title='bbox 1052 1734 1232 1788; x_wconf 82' lang='lat' dir='ltr'>pecunia</span> <span class='ocrx_word' id='word_1_225' title='bbox 1264 1733 1544 1782; x_wconf 78' lang='lat' dir='ltr'>constituerit,</span> <span class='ocrx_word' id='word_1_226' title='bbox 1585 1748 1732 1774; x_wconf 87' lang='lat' dir='ltr'>verum</span> 
     </span>
     <span class='ocr_line' id='line_1_26' title="bbox 129 1798 1732 1854; baseline -0.002 -11"><span class='ocrx_word' id='word_1_227' title='bbox 129 1803 258 1844; x_wconf 89' lang='lat' dir='ltr'>etiam</span> <span class='ocrx_word' id='word_1_228' title='bbox 278 1799 501 1842; x_wconf 88' lang='lat' dir='ltr'>Marcellia</span> <span class='ocrx_word' id='word_1_229' title='bbox 521 1799 615 1841; x_wconf 89' lang='lat' dir='ltr'>tolli</span> <span class='ocrx_word' id='word_1_230' title='bbox 635 1800 869 1854; x_wconf 86' lang='lat' dir='ltr'>imperarit,</span> <span class='ocrx_word' id='word_1_231' title='bbox 884 1804 932 1840; x_wconf 91' lang='lat' dir='ltr'>ut</span> <span class='ocrx_word' id='word_1_232' title='bbox 953 1799 991 1839; x_wconf 87' lang='lat' dir='ltr'>ei</span> <span class='ocrx_word' id='word_1_233' title='bbox 1012 1813 1129 1839; x_wconf 84' lang='lat' dir='ltr'>sacra</span> <span class='ocrx_word' id='word_1_234' title='bbox 1142 1798 1332 1839; x_wconf 86' lang='lat' dir='ltr'>facerent</span> <span class='ocrx_word' id='word_1_235' title='bbox 1352 1799 1593 1853; x_wconf 84' lang='lat' dir='ltr'>quotannis,</span> <span class='ocrx_word' id='word_1_236' title='bbox 1612 1798 1676 1853; x_wconf 88' lang='lat' dir='ltr'>cuj</span> <span class='ocrx_word' id='word_1_237' title='bbox 1684 1814 1732 1840; x_wconf 89' lang='lat' dir='ltr'>us</span> 
     </span>
     <span class='ocr_line' id='line_1_27' title="bbox 128 1864 1732 1923; baseline -0.002 -14"><span class='ocrx_word' id='word_1_238' title='bbox 128 1883 255 1923; x_wconf 91' lang='lat' dir='ltr'>opera</span> <span class='ocrx_word' id='word_1_239' title='bbox 287 1865 479 1907; x_wconf 85' lang='lat' dir='ltr'>omnium</span> <span class='ocrx_word' id='word_1_240' title='bbox 518 1880 727 1906; x_wconf 87' lang='lat' dir='ltr'>annorum</span> <span class='ocrx_word' id='word_1_241' title='bbox 768 1879 885 1905; x_wconf 90' lang='lat' dir='ltr'>sacra</span> <span class='ocrx_word' id='word_1_242' title='bbox 925 1865 1106 1919; x_wconf 87' lang='lat' dir='ltr'>deosque</span> <span class='ocrx_word' id='word_1_243' title='bbox 1145 1864 1305 1918; x_wconf 86' lang='lat' dir='ltr'>patrios</span> <span class='ocrx_word' id='word_1_244' title='bbox 1346 1864 1599 1914; x_wconf 83' lang='lat' dir='ltr'>amiserant;</span> <span class='ocrx_word' id='word_1_245' title='bbox 1641 1864 1732 1919; x_wconf 83' lang='lat' dir='ltr'>ejus</span> 
     </span>
     <span class='ocr_line' id='line_1_28' title="bbox 129 1928 1730 1985; baseline -0.002 -11"><span class='ocrx_word' id='word_1_246' title='bbox 129 1939 271 1975; x_wconf 89' lang='lat' dir='ltr'>autem</span> <span class='ocrx_word' id='word_1_247' title='bbox 292 1931 478 1973; x_wconf 86' lang='lat' dir='ltr'>familiae</span> <span class='ocrx_word' id='word_1_248' title='bbox 500 1931 588 1972; x_wconf 86' lang='lat' dir='ltr'>dics</span> <span class='ocrx_word' id='word_1_249' title='bbox 610 1929 737 1971; x_wconf 85' lang='lat' dir='ltr'>festos</span> <span class='ocrx_word' id='word_1_250' title='bbox 758 1929 958 1971; x_wconf 88' lang='lat' dir='ltr'>tollerent</span> <span class='ocrx_word' id='word_1_251' title='bbox 981 1945 1057 1985; x_wconf 91' lang='lat' dir='ltr'>per</span> <span class='ocrx_word' id='word_1_252' title='bbox 1082 1944 1211 1984; x_wconf 88' lang='lat' dir='ltr'>quam</span> <span class='ocrx_word' id='word_1_253' title='bbox 1235 1934 1394 1970; x_wconf 84' lang='lat' dir='ltr'>cetoros</span> <span class='ocrx_word' id='word_1_254' title='bbox 1415 1943 1582 1984; x_wconf 88' lang='lat' dir='ltr'>quoque</span> <span class='ocrx_word' id='word_1_255' title='bbox 1603 1928 1730 1970; x_wconf 85' lang='lat' dir='ltr'>festos</span> 
     </span>
    </p>
   </div>
   <div class='ocr_carea' id='block_1_3' title="bbox 127 2000 550 2053">
    <p class='ocr_par' dir='ltr' id='par_1_3' title="bbox 127 2000 550 2053">
     <span class='ocr_line' id='line_1_29' title="bbox 127 2000 550 2053; baseline -0.009 -12"><span class='ocrx_word' id='word_1_256' title='bbox 127 2000 217 2041; x_wconf 89' lang='lat' dir='ltr'>dies</span> <span class='ocrx_word' id='word_1_257' title='bbox 237 2001 550 2053; x_wconf 72' lang='lat' dir='ltr'>recuperarunt.</span> 
     </span>
    </p>
   </div>
   <div class='ocr_carea' id='block_1_4' title="bbox 136 630 350 680">
    <p class='ocr_par' dir='ltr' id='par_1_4' title="bbox 136 630 350 680">
     <span class='ocr_line' id='line_1_30' title="bbox 136 630 350 680; baseline 0.005 -14"><span class='ocrx_word' id='word_1_258' title='bbox 136 630 350 680; x_wconf 89' lang='lat' dir='ltr'>poterunt.</span> 
     </span>
    </p>
   </div>
   <div class='ocr_carea' id='block_1_5' title="bbox 170 2099 1729 2144">
    <p class='ocr_par' dir='ltr' id='par_1_5' title="bbox 170 2099 1729 2144">
     <span class='ocr_line' id='line_1_31' title="bbox 170 2099 1729 2144; baseline -0.004 -7"><span class='ocrx_word' id='word_1_259' title='bbox 170 2105 223 2138; x_wconf 84' lang='lat'>67.</span> <span class='ocrx_word' id='word_1_260' title='bbox 246 2105 372 2135; x_wconf 75' lang='lat' dir='ltr'>salvum</span> <span class='ocrx_word' id='word_1_261' title='bbox 388 2104 488 2133; x_wconf 74' lang='lat' dir='ltr'>velint</span> <span class='ocrx_word' id='word_1_262' title='bbox 500 2102 532 2144; x_wconf 89' lang='lat'>;]</span> <span class='ocrx_word' id='word_1_263' title='bbox 558 2103 584 2133; x_wconf 84' lang='grc' dir='ltr'>Α</span> <span class='ocrx_word' id='word_1_264' title='bbox 598 2101 689 2132; x_wconf 79' lang='lat' dir='ltr'>usual</span> <span class='ocrx_word' id='word_1_265' title='bbox 710 2101 804 2138; x_wconf 77' lang='lat' dir='ltr'>sorni,</span> <span class='ocrx_word' id='word_1_266' title='bbox 821 2110 855 2130; x_wconf 81' lang='lat' dir='ltr'>as</span> <span class='ocrx_word' id='word_1_267' title='bbox 871 2100 904 2130; x_wconf 91' lang='lat' dir='ltr'>in</span> <span class='ocrx_word' id='word_1_268' title='bbox 951 2099 965 2130; x_wconf 86' lang='grc' dir='ltr'>Ι</span> <span class='ocrx_word' id='word_1_269' title='bbox 983 2099 1088 2129; x_wconf 82' lang='lat' dir='ltr'>follow</span> <span class='ocrx_word' id='word_1_270' title='bbox 1106 2099 1225 2139; x_wconf 85' lang='lat' dir='ltr'>Zumpt</span> <span class='ocrx_word' id='word_1_271' title='bbox 1242 2099 1305 2129; x_wconf 83' lang='lat' dir='ltr'>and</span> <span class='ocrx_word' id='word_1_272' title='bbox 1322 2099 1378 2130; x_wconf 66' lang='lat' dir='ltr'>tho</span> <span class='ocrx_word' id='word_1_273' title='bbox 1394 2099 1490 2129; x_wconf 80' lang='lat' dir='ltr'>MSS.</span> <span class='ocrx_word' id='word_1_274' title='bbox 1527 2099 1647 2130; x_wconf 85' lang='lat' dir='ltr'>Iordun</span> <span class='ocrx_word' id='word_1_275' title='bbox 1663 2100 1729 2132; x_wconf 83' lang='lat' dir='ltr'>ulso</span> 
     </span>
    </p>
   </div>
   <div class='ocr_carea' id='block_1_6' title="bbox 125 2143 906 2621">
    <p class='ocr_par' dir='ltr' id='par_1_6' title="bbox 126 2143 905 2267">
     <span class='ocr_line' id='line_1_32' title="bbox 128 2143 903 2183; baseline -0.01 -3"><span class='ocrx_word' id='word_1_276' title='bbox 128 2149 200 2180; x_wconf 89' lang='lat' dir='ltr'>Lib.</span> <span class='ocrx_word' id='word_1_277' title='bbox 229 2150 259 2179; x_wconf 84' lang='lat'>2.</span> <span class='ocrx_word' id='word_1_278' title='bbox 285 2159 312 2179; x_wconf 86' lang='grc'>6.</span> <span class='ocrx_word' id='word_1_279' title='bbox 340 2148 393 2183; x_wconf 88' lang='grc'>60,</span> <span class='ocrx_word' id='word_1_280' title='bbox 420 2147 465 2177; x_wconf 83' lang='lat' dir='ltr'>‘si</span> <span class='ocrx_word' id='word_1_281' title='bbox 490 2157 541 2176; x_wconf 87' lang='grc'>1116</span> <span class='ocrx_word' id='word_1_282' title='bbox 572 2145 695 2176; x_wconf 83' lang='lat' dir='ltr'>salvum</span> <span class='ocrx_word' id='word_1_283' title='bbox 726 2155 793 2174; x_wconf 76' lang='lat' dir='ltr'>csso</span> <span class='ocrx_word' id='word_1_284' title='bbox 823 2143 870 2173; x_wconf 83' lang='lat' dir='ltr'>vis</span> <span class='ocrx_word' id='word_1_285' title='bbox 884 2143 903 2179; x_wconf 79' lang='lat'>3&#39;</span> 
     </span>
     <span class='ocr_line' id='line_1_33' title="bbox 127 2190 905 2227; baseline -0.008 -3"><span class='ocrx_word' id='word_1_286' title='bbox 127 2193 192 2224; x_wconf 80' lang='lat' dir='ltr'>and</span> <span class='ocrx_word' id='word_1_287' title='bbox 218 2192 356 2227; x_wconf 73' lang='lat' dir='ltr'>Horace,</span> <span class='ocrx_word' id='word_1_288' title='bbox 384 2192 401 2221; x_wconf 85' lang='lat'>1</span> <span class='ocrx_word' id='word_1_289' title='bbox 429 2191 498 2221; x_wconf 85' lang='lat' dir='ltr'>Sat.</span> <span class='ocrx_word' id='word_1_290' title='bbox 521 2191 550 2220; x_wconf 88' lang='lat'>1.</span> <span class='ocrx_word' id='word_1_291' title='bbox 575 2199 605 2219; x_wconf 88' lang='lat' dir='ltr'>v.</span> <span class='ocrx_word' id='word_1_292' title='bbox 632 2190 684 2224; x_wconf 45' lang='lat'>81⁴,</span> <span class='ocrx_word' id='word_1_293' title='bbox 718 2192 800 2217; x_wconf 91' lang='lat' dir='ltr'>‘non</span> <span class='ocrx_word' id='word_1_294' title='bbox 824 2197 905 2218; x_wconf 84' lang='lat' dir='ltr'>uxor</span> 
     </span>
     <span class='ocr_line' id='line_1_34' title="bbox 126 2234 411 2267; baseline -0.007 -1"><span class='ocrx_word' id='word_1_295' title='bbox 126 2236 251 2267; x_wconf 82' lang='lat' dir='ltr'>salvuni</span> <span class='ocrx_word' id='word_1_296' title='bbox 268 2238 301 2266; x_wconf 82' lang='lat' dir='ltr'>tc</span> <span class='ocrx_word' id='word_1_297' title='bbox 318 2234 411 2265; x_wconf 59' lang='lat' dir='ltr'>vult?</span> 
     </span>
    </p>

    <p class='ocr_par' dir='ltr' id='par_1_7' title="bbox 125 2273 906 2621">
     <span class='ocr_line' id='line_1_35' title="bbox 170 2273 904 2320; baseline -0.01 -11"><span class='ocrx_word' id='word_1_298' title='bbox 170 2289 267 2320; x_wconf 79' lang='lat' dir='ltr'>quam</span> <span class='ocrx_word' id='word_1_299' title='bbox 287 2278 381 2308; x_wconf 66' lang='lat' dir='ltr'>Verri</span> <span class='ocrx_word' id='word_1_300' title='bbox 394 2277 550 2307; x_wconf 65' lang='lat' dir='ltr'>dederunt</span> <span class='ocrx_word' id='word_1_301' title='bbox 563 2274 592 2316; x_wconf 56' lang='grc' dir='ltr'>Β]</span> <span class='ocrx_word' id='word_1_302' title='bbox 620 2273 748 2304; x_wconf 81' lang='lat' dir='ltr'>Ernesti</span> <span class='ocrx_word' id='word_1_303' title='bbox 760 2273 904 2312; x_wconf 73' lang='lat' dir='ltr'>thought</span> 
     </span>
     <span class='ocr_line' id='line_1_36' title="bbox 126 2316 902 2358; baseline -0.01 -4"><span class='ocrx_word' id='word_1_304' title='bbox 126 2322 203 2354; x_wconf 74' lang='lat' dir='ltr'>that</span> <span class='ocrx_word' id='word_1_305' title='bbox 219 2322 276 2353; x_wconf 80' lang='lat' dir='ltr'>the</span> <span class='ocrx_word' id='word_1_306' title='bbox 294 2321 392 2351; x_wconf 84' lang='lat' dir='ltr'>Latin</span> <span class='ocrx_word' id='word_1_307' title='bbox 418 2320 515 2350; x_wconf 83' lang='lat' dir='ltr'>idioni</span> <span class='ocrx_word' id='word_1_308' title='bbox 544 2318 685 2358; x_wconf 68' lang='lat' dir='ltr'>requires</span> <span class='ocrx_word' id='word_1_309' title='bbox 711 2316 902 2348; x_wconf 73' lang='lat' dir='ltr'>‘dederint.’</span> 
     </span>
     <span class='ocr_line' id='line_1_37' title="bbox 128 2360 901 2405; baseline -0.01 -9"><span class='ocrx_word' id='word_1_310' title='bbox 128 2365 248 2405; x_wconf 87' lang='lat' dir='ltr'>Zumpt</span> <span class='ocrx_word' id='word_1_311' title='bbox 278 2364 304 2394; x_wconf 86' lang='lat' dir='ltr'>is</span> <span class='ocrx_word' id='word_1_312' title='bbox 332 2364 369 2393; x_wconf 90' lang='lat' dir='ltr'>of</span> <span class='ocrx_word' id='word_1_313' title='bbox 389 2374 405 2393; x_wconf 83' lang='lat' dir='ltr'>a</span> <span class='ocrx_word' id='word_1_314' title='bbox 432 2363 584 2393; x_wconf 66' lang='lat' dir='ltr'>different</span> <span class='ocrx_word' id='word_1_315' title='bbox 607 2360 759 2401; x_wconf 86' lang='lat' dir='ltr'>opinion:</span> <span class='ocrx_word' id='word_1_316' title='bbox 793 2363 812 2376; x_wconf 76' lang='lat'>‘⁶</span> <span class='ocrx_word' id='word_1_317' title='bbox 827 2370 901 2389; x_wconf 72' lang='lat' dir='ltr'>nuni</span> 
     </span>
     <span class='ocr_line' id='line_1_38' title="bbox 127 2403 902 2445; baseline -0.008 -6"><span class='ocrx_word' id='word_1_318' title='bbox 127 2407 317 2439; x_wconf 79' lang='lat' dir='ltr'>aedificandi</span> <span class='ocrx_word' id='word_1_319' title='bbox 334 2406 503 2437; x_wconf 81' lang='lat' dir='ltr'>consilium</span> <span class='ocrx_word' id='word_1_320' title='bbox 532 2405 556 2435; x_wconf 77' lang='lat' dir='ltr'>si</span> <span class='ocrx_word' id='word_1_321' title='bbox 586 2404 698 2434; x_wconf 72' lang='lat' dir='ltr'>Cicero</span> <span class='ocrx_word' id='word_1_322' title='bbox 724 2403 902 2445; x_wconf 67' lang='lat' dir='ltr'>exprimere</span> 
     </span>
     <span class='ocr_line' id='line_1_39' title="bbox 127 2446 906 2490; baseline -0.006 -8"><span class='ocrx_word' id='word_1_323' title='bbox 127 2451 290 2486; x_wconf 79' lang='lat' dir='ltr'>voluisset,</span> <span class='ocrx_word' id='word_1_324' title='bbox 315 2449 504 2490; x_wconf 75' lang='lat' dir='ltr'>scripsisset,</span> <span class='ocrx_word' id='word_1_325' title='bbox 528 2448 651 2488; x_wconf 86' lang='lat' dir='ltr'>opinor,</span> <span class='ocrx_word' id='word_1_326' title='bbox 683 2456 781 2486; x_wconf 78' lang='lat' dir='ltr'>quam</span> <span class='ocrx_word' id='word_1_327' title='bbox 813 2446 823 2475; x_wconf 84' lang='lat'><em>1</em></span> <span class='ocrx_word' id='word_1_328' title='bbox 832 2446 906 2477; x_wconf 72' lang='grc' dir='ltr'><em>ἐνι-ἰ</em></span> 
     </span>
     <span class='ocr_line' id='line_1_40' title="bbox 125 2490 906 2532; baseline -0.008 -8"><span class='ocrx_word' id='word_1_329' title='bbox 125 2495 254 2529; x_wconf 74' lang='lat' dir='ltr'>clarent,</span> <span class='ocrx_word' id='word_1_330' title='bbox 285 2493 311 2523; x_wconf 79' lang='lat' dir='ltr'>si</span> <span class='ocrx_word' id='word_1_331' title='bbox 342 2492 547 2532; x_wconf 76' lang='lat' dir='ltr'>conjunctum</span> <span class='ocrx_word' id='word_1_332' title='bbox 580 2490 750 2525; x_wconf 73' lang='lat' dir='ltr'>actionem,</span> <span class='ocrx_word' id='word_1_333' title='bbox 774 2499 906 2529; x_wconf 75' lang='lat' dir='ltr'>eamque</span> 
     </span>
     <span class='ocr_line' id='line_1_41' title="bbox 132 2533 904 2573; baseline -0.01 -4"><span class='ocrx_word' id='word_1_334' title='bbox 132 2537 228 2569; x_wconf 65' lang='lat' dir='ltr'>1³&#39;e2·1*i</span> <span class='ocrx_word' id='word_1_335' title='bbox 265 2535 423 2566; x_wconf 76' lang='lat' dir='ltr'>dederint.</span> <span class='ocrx_word' id='word_1_336' title='bbox 484 2534 636 2573; x_wconf 71' lang='lat' dir='ltr'>lntvlligc</span> <span class='ocrx_word' id='word_1_337' title='bbox 675 2533 778 2572; x_wconf 84' lang='lat' dir='ltr'>igitur</span> <span class='ocrx_word' id='word_1_338' title='bbox 822 2543 904 2569; x_wconf 80' lang='lat' dir='ltr'>eam,</span> 
     </span>
     <span class='ocr_line' id='line_1_42' title="bbox 125 2575 903 2621; baseline -0.006 -10"><span class='ocrx_word' id='word_1_339' title='bbox 125 2591 221 2621; x_wconf 80' lang='lat' dir='ltr'>quam</span> <span class='ocrx_word' id='word_1_340' title='bbox 246 2579 341 2609; x_wconf 68' lang='lat' dir='ltr'>Verri</span> <span class='ocrx_word' id='word_1_341' title='bbox 356 2577 547 2610; x_wconf 43' lang='lat' dir='ltr'>dederunt?</span> <span class='ocrx_word' id='word_1_342' title='bbox 577 2578 649 2617; x_wconf 75' lang='lat' dir='ltr'>(Sco</span> <span class='ocrx_word' id='word_1_343' title='bbox 665 2575 734 2606; x_wconf 79' lang='lat' dir='ltr'>Lib.</span> <span class='ocrx_word' id='word_1_344' title='bbox 751 2577 781 2607; x_wconf 85' lang='lat'>5.</span> <span class='ocrx_word' id='word_1_345' title='bbox 799 2586 825 2605; x_wconf 82' lang='grc'>6.</span> <span class='ocrx_word' id='word_1_346' title='bbox 838 2575 903 2617; x_wconf 88' lang='lat'>17.)</span> 
     </span>
    </p>
   </div>
   <div class='ocr_carea' id='block_1_7' title="bbox 948 2142 1728 2617">
    <p class='ocr_par' dir='ltr' id='par_1_8' title="bbox 949 2142 1227 2173">
     <span class='ocr_line' id='line_1_43' title="bbox 949 2142 1227 2173; baseline -0.004 0"><span class='ocrx_word' id='word_1_347' title='bbox 949 2143 1006 2173; x_wconf 83' lang='lat' dir='ltr'>has</span> <span class='ocrx_word' id='word_1_348' title='bbox 1024 2147 1031 2159; x_wconf 92' lang='lat'>‘</span> <span class='ocrx_word' id='word_1_349' title='bbox 1045 2142 1227 2173; x_wconf 58' lang='lat' dir='ltr'>dedorunt)</span> 
     </span>
    </p>

    <p class='ocr_par' dir='ltr' id='par_1_9' title="bbox 948 2185 1728 2563">
     <span class='ocr_line' id='line_1_44' title="bbox 992 2185 1728 2227; baseline 0.003 -12"><span class='ocrx_word' id='word_1_350' title='bbox 992 2186 1031 2222; x_wconf 75' lang='lat' dir='ltr'>si,</span> <span class='ocrx_word' id='word_1_351' title='bbox 1049 2196 1142 2225; x_wconf 79' lang='lat' dir='ltr'>quum</span> <span class='ocrx_word' id='word_1_352' title='bbox 1169 2186 1250 2215; x_wconf 77' lang='lat' dir='ltr'>diem</span> <span class='ocrx_word' id='word_1_353' title='bbox 1269 2186 1394 2225; x_wconf 49' lang='lat' dir='ltr'>fimum</span> <span class='ocrx_word' id='word_1_354' title='bbox 1414 2209 1421 2216; x_wconf 93' lang='lat'>.</span> <span class='ocrx_word' id='word_1_355' title='bbox 1440 2209 1446 2216; x_wconf 95' lang='lat'>.</span> <span class='ocrx_word' id='word_1_356' title='bbox 1464 2185 1578 2227; x_wconf 75' lang='lat' dir='ltr'>iidem]</span> <span class='ocrx_word' id='word_1_357' title='bbox 1627 2186 1641 2216; x_wconf 95' lang='lat'>1</span> <span class='ocrx_word' id='word_1_358' title='bbox 1660 2187 1728 2218; x_wconf 78' lang='lat' dir='ltr'>find</span> 
     </span>
     <span class='ocr_line' id='line_1_45' title="bbox 949 2229 1726 2270; baseline 0 -10"><span class='ocrx_word' id='word_1_359' title='bbox 949 2239 991 2261; x_wconf 79' lang='lat'>110</span> <span class='ocrx_word' id='word_1_360' title='bbox 1008 2229 1167 2260; x_wconf 67' lang='lat' dir='ltr'>van-intimi</span> <span class='ocrx_word' id='word_1_361' title='bbox 1185 2229 1283 2259; x_wconf 75' lang='lat' dir='ltr'>noted</span> <span class='ocrx_word' id='word_1_362' title='bbox 1300 2229 1396 2264; x_wconf 53' lang='lat' dir='ltr'>herm</span> <span class='ocrx_word' id='word_1_363' title='bbox 1420 2229 1479 2260; x_wconf 88' lang='lat' dir='ltr'>but</span> <span class='ocrx_word' id='word_1_364' title='bbox 1492 2230 1517 2260; x_wconf 79' lang='lat' dir='ltr'>it</span> <span class='ocrx_word' id='word_1_365' title='bbox 1532 2240 1603 2270; x_wconf 62' lang='grc'>11111)-</span> <span class='ocrx_word' id='word_1_366' title='bbox 1616 2230 1654 2260; x_wconf 88' lang='grc'>1)6</span> <span class='ocrx_word' id='word_1_367' title='bbox 1671 2230 1726 2260; x_wconf 80' lang='lat' dir='ltr'>ob—</span> 
     </span>
     <span class='ocr_line' id='line_1_46' title="bbox 949 2272 1727 2312; baseline 0.004 -11"><span class='ocrx_word' id='word_1_368' title='bbox 949 2272 1061 2302; x_wconf 74' lang='lat' dir='ltr'>sorwd</span> <span class='ocrx_word' id='word_1_369' title='bbox 1078 2272 1152 2303; x_wconf 68' lang='lat' dir='ltr'>that</span> <span class='ocrx_word' id='word_1_370' title='bbox 1170 2272 1304 2302; x_wconf 72' lang='lat' dir='ltr'>‘iidem&#39;</span> <span class='ocrx_word' id='word_1_371' title='bbox 1330 2272 1434 2312; x_wconf 78' lang='lat' dir='ltr'>ought</span> <span class='ocrx_word' id='word_1_372' title='bbox 1462 2275 1497 2302; x_wconf 85' lang='lat' dir='ltr'>to</span> <span class='ocrx_word' id='word_1_373' title='bbox 1522 2272 1603 2303; x_wconf 73' lang='lat' dir='ltr'>have</span> <span class='ocrx_word' id='word_1_374' title='bbox 1625 2283 1727 2304; x_wconf 71' lang='lat' dir='ltr'>sonic-</span> 
     </span>
     <span class='ocr_line' id='line_1_47' title="bbox 949 2315 1726 2355; baseline 0.001 -8"><span class='ocrx_word' id='word_1_375' title='bbox 949 2315 1047 2355; x_wconf 79' lang='lat' dir='ltr'>thing</span> <span class='ocrx_word' id='word_1_376' title='bbox 1073 2319 1106 2346; x_wconf 80' lang='lat' dir='ltr'>to</span> <span class='ocrx_word' id='word_1_377' title='bbox 1127 2316 1321 2355; x_wconf 70' lang='lat' dir='ltr'>corrcspoml</span> <span class='ocrx_word' id='word_1_378' title='bbox 1346 2318 1381 2346; x_wconf 86' lang='lat' dir='ltr'>to</span> <span class='ocrx_word' id='word_1_379' title='bbox 1406 2315 1433 2347; x_wconf 77' lang='lat' dir='ltr'>it.</span> <span class='ocrx_word' id='word_1_380' title='bbox 1460 2315 1492 2346; x_wconf 88' lang='lat' dir='ltr'>in</span> <span class='ocrx_word' id='word_1_381' title='bbox 1522 2316 1579 2347; x_wconf 72' lang='lat' dir='ltr'>the</span> <span class='ocrx_word' id='word_1_382' title='bbox 1607 2316 1726 2348; x_wconf 75' lang='lat' dir='ltr'>former</span> 
     </span>
     <span class='ocr_line' id='line_1_48' title="bbox 948 2358 1726 2398; baseline 0.003 -10"><span class='ocrx_word' id='word_1_383' title='bbox 948 2362 1023 2398; x_wconf 82' lang='lat' dir='ltr'>part</span> <span class='ocrx_word' id='word_1_384' title='bbox 1049 2359 1086 2388; x_wconf 81' lang='lat' dir='ltr'>of</span> <span class='ocrx_word' id='word_1_385' title='bbox 1106 2358 1163 2389; x_wconf 72' lang='lat' dir='ltr'>the</span> <span class='ocrx_word' id='word_1_386' title='bbox 1188 2362 1349 2393; x_wconf 62' lang='lat' dir='ltr'>sentence,</span> <span class='ocrx_word' id='word_1_387' title='bbox 1377 2359 1441 2389; x_wconf 83' lang='lat' dir='ltr'>und</span> <span class='ocrx_word' id='word_1_388' title='bbox 1469 2358 1535 2389; x_wconf 74' lang='lat' dir='ltr'>this</span> <span class='ocrx_word' id='word_1_389' title='bbox 1557 2359 1663 2389; x_wconf 84' lang='lat' dir='ltr'>would</span> <span class='ocrx_word' id='word_1_390' title='bbox 1687 2359 1726 2390; x_wconf 83' lang='lat' dir='ltr'>be</span> 
     </span>
     <span class='ocr_line' id='line_1_49' title="bbox 948 2402 1727 2442; baseline 0 -10"><span class='ocrx_word' id='word_1_391' title='bbox 948 2402 1044 2442; x_wconf 78' lang='lat' dir='ltr'>‘qui.&#39;</span> <span class='ocrx_word' id='word_1_392' title='bbox 1091 2406 1098 2418; x_wconf 88' lang='lat'>‘</span> <span class='ocrx_word' id='word_1_393' title='bbox 1113 2402 1157 2437; x_wconf 72' lang='lat' dir='ltr'>Si,</span> <span class='ocrx_word' id='word_1_394' title='bbox 1174 2402 1228 2442; x_wconf 80' lang='lat' dir='ltr'>qui</span> <span class='ocrx_word' id='word_1_395' title='bbox 1250 2402 1358 2437; x_wconf 43' lang='lat' dir='ltr'>divin?</span> <span class='ocrx_word' id='word_1_396' title='bbox 1377 2402 1442 2437; x_wconf 52' lang='grc' dir='ltr'>ἂψ,</span> <span class='ocrx_word' id='word_1_397' title='bbox 1468 2402 1574 2432; x_wconf 81' lang='lat' dir='ltr'>would</span> <span class='ocrx_word' id='word_1_398' title='bbox 1599 2413 1727 2442; x_wconf 72' lang='lat' dir='ltr'>express</span> 
     </span>
     <span class='ocr_line' id='line_1_50' title="bbox 950 2445 1726 2485; baseline 0 -8"><span class='ocrx_word' id='word_1_399' title='bbox 950 2445 1076 2485; x_wconf 70' lang='lat' dir='ltr'>exactly</span> <span class='ocrx_word' id='word_1_400' title='bbox 1094 2445 1150 2476; x_wconf 77' lang='lat' dir='ltr'>the</span> <span class='ocrx_word' id='word_1_401' title='bbox 1166 2455 1253 2476; x_wconf 71' lang='lat' dir='ltr'>suum</span> <span class='ocrx_word' id='word_1_402' title='bbox 1269 2445 1422 2485; x_wconf 70' lang='lat' dir='ltr'>meaning</span> <span class='ocrx_word' id='word_1_403' title='bbox 1439 2455 1472 2475; x_wconf 73' lang='lat' dir='ltr'>as</span> <span class='ocrx_word' id='word_1_404' title='bbox 1489 2445 1546 2476; x_wconf 73' lang='lat' dir='ltr'>tho</span> <span class='ocrx_word' id='word_1_405' title='bbox 1563 2449 1643 2481; x_wconf 71' lang='lat' dir='ltr'>text,</span> <span class='ocrx_word' id='word_1_406' title='bbox 1662 2446 1726 2478; x_wconf 81' lang='lat' dir='ltr'>und</span> 
     </span>
     <span class='ocr_line' id='line_1_51' title="bbox 950 2488 1726 2528; baseline 0.003 -10"><span class='ocrx_word' id='word_1_407' title='bbox 950 2488 977 2519; x_wconf 86' lang='lat' dir='ltr'>it</span> <span class='ocrx_word' id='word_1_408' title='bbox 1002 2488 1108 2519; x_wconf 84' lang='lat' dir='ltr'>would</span> <span class='ocrx_word' id='word_1_409' title='bbox 1135 2488 1217 2519; x_wconf 79' lang='lat' dir='ltr'>have</span> <span class='ocrx_word' id='word_1_410' title='bbox 1246 2489 1303 2519; x_wconf 71' lang='lat' dir='ltr'>the</span> <span class='ocrx_word' id='word_1_411' title='bbox 1331 2488 1516 2528; x_wconf 75' lang='lat' dir='ltr'>advantage</span> <span class='ocrx_word' id='word_1_412' title='bbox 1534 2489 1572 2518; x_wconf 83' lang='lat' dir='ltr'>of</span> <span class='ocrx_word' id='word_1_413' title='bbox 1592 2499 1609 2520; x_wconf 74' lang='lat' dir='ltr'>a</span> <span class='ocrx_word' id='word_1_414' title='bbox 1638 2489 1726 2522; x_wconf 81' lang='lat' dir='ltr'>word</span> 
     </span>
     <span class='ocr_line' id='line_1_52' title="bbox 950 2531 1497 2563; baseline -0.002 -1"><span class='ocrx_word' id='word_1_415' title='bbox 950 2531 1055 2563; x_wconf 75' lang='lat' dir='ltr'>which</span> <span class='ocrx_word' id='word_1_416' title='bbox 1072 2532 1244 2562; x_wconf 81' lang='lat' dir='ltr'>correlutcs</span> <span class='ocrx_word' id='word_1_417' title='bbox 1261 2532 1341 2562; x_wconf 81' lang='lat' dir='ltr'>with</span> <span class='ocrx_word' id='word_1_418' title='bbox 1359 2536 1367 2548; x_wconf 87' lang='lat'><em>‘</em></span> <span class='ocrx_word' id='word_1_419' title='bbox 1378 2532 1497 2562; x_wconf 59' lang='lat' dir='ltr'>iidem?</span> 
     </span>
    </p>

    <p class='ocr_par' dir='ltr' id='par_1_10' title="bbox 992 2574 1483 2617">
     <span class='ocr_line' id='line_1_53' title="bbox 992 2574 1483 2617; baseline -0.002 -11"><span class='ocrx_word' id='word_1_420' title='bbox 992 2574 1247 2617; x_wconf 67' lang='lat' dir='ltr'>celeberrimum]</span> <span class='ocrx_word' id='word_1_421' title='bbox 1296 2576 1354 2606; x_wconf 69' lang='lat' dir='ltr'>Soc</span> <span class='ocrx_word' id='word_1_422' title='bbox 1371 2574 1483 2610; x_wconf 70' lang='lat' dir='ltr'>Indcx.</span> 
     </span>
    </p>
   </div>
  </div>
 </body>
</html>
