1849 3167
126 146 210 189 342
711 144 780 188 IN
812 143 857 186 O.
890 142 1145 187 VERREM

126 275 226 301 nem
247 263 366 300 tuam
385 258 466 301 tibi
494 273 571 314 pro
600 259 697 314 lege
717 274 804 300 esse
827 257 997 300 voluisti
1011 258 1031 299 Ρ
1091 257 1146 297 Ι11
1167 256 1242 298 1110
1265 257 1590 311 reprehenditur
1617 257 1731 312 quod

128 340 182 366 ex
202 340 251 366 ea
271 324 451 379 pecunia
471 324 681 366 remiserit
702 340 829 379 quam
850 323 940 377 ipse
973 322 1236 377 quaesieram
1270 322 1350 363 tibi
1379 323 1631 364 concedetur
1658 321 1733 377 qui

129 391 182 432 de
203 390 342 444 capite
362 390 638 445 vectigalium
660 389 806 444 populi
827 388 1012 429 Romani
1033 387 1231 429 remisisti
1248 387 1268 428 ⁸?

187 455 401 496 XXXVI.
434 454 579 510 Atque
601 455 645 494 in
667 455 746 494 hoc
769 468 923 507 genere
954 453 1155 493 audaciae
1185 451 1320 493 multo
1351 451 1479 493 etiam
1509 451 1730 506 impuden-

129 520 215 562 tius
245 520 291 561 in
321 521 507 561 decumis
538 519 834 560 Acestensium
864 522 1056 559 versatus
1087 522 1163 566 est,
1196 532 1300 572 quas
1330 532 1462 571 quum
1502 516 1735 558 addixisset

130 586 268 627 eidem
288 585 353 625 illi
374 585 564 633 Docimo,
587 584 665 624 hoc
687 588 762 632 est,
785 582 965 632 Tertiae,
988 582 1122 624 tritici
1134 582 1325 622 modium
1349 582 1373 620 v
1395 587 1437 622 et
1458 582 1737 623 accessionem

131 651 420 705 adscripsisset
441 649 517 690 HS
538 662 628 698 ΜΠ),
652 648 792 703 coegit
822 647 1073 689 Acestenses
1094 663 1118 688 a
1139 647 1317 688 Docimo
1347 647 1599 688 tantundem
1629 647 1734 702 pub-
1767 680 1770 683 .

130 716 212 758 lice
234 717 448 770 accipere3
480 715 525 754 id
547 715 660 769 quod
681 729 734 754 ex
764 713 1063 755 Acestensium
1092 713 1262 769 publico
1291 712 1533 753 testimonio
1564 726 1737 767 cognos-

133 781 228 823 cite.
301 780 453 821 Recita
487 779 780 820 testimonium
811 779 1043 833 publicum.
1116 777 1312 819 Audistis
1353 777 1504 832 quanti
1543 778 1738 818 decumas

135 846 343 900 acceperit
364 860 388 886 a
409 845 587 886 Docimo
609 844 773 893 civitas,
797 844 931 885 tritici
952 844 1063 885 mod.
1088 839 1117 883 ν’
1137 848 1178 884 et
1200 843 1489 884 accessionem.
1552 842 1737 896 Cognos-

135 912 217 953 cite
237 926 351 952 nunc
372 910 523 966 quanti
544 926 587 951 se
607 910 849 952 vendidisse
870 909 1097 951 rettulerit.
1159 923 1247 950 LEX
1267 922 1457 950 DECVMIS
1486 920 1740 948 VENDVNDIS

135 991 168 1018 c.
202 991 349 1017 VERRE
380 991 449 1018 PR.
523 976 618 1017 Hoc
654 975 827 1017 nomine
861 975 1016 1016 videtis
1048 974 1183 1016 tritici
1222 974 1412 1016 modium
1452 985 1647 1014 cmcmcro
1688 972 1740 1012 de

135 1043 273 1098 capite
294 1058 381 1084 esse
403 1043 588 1097 dempta,
612 1058 719 1097 quae
741 1057 874 1097 quum
894 1043 947 1083 de
966 1041 1115 1097 populi
1145 1041 1331 1082 Romani
1362 1040 1492 1089 victu,
1526 1040 1578 1080 de
1609 1038 1739 1079 vecti-

138 1109 301 1165 galium
321 1108 477 1158 nervis,
500 1108 551 1149 de
572 1108 780 1162 sanguine
801 1107 1053 1149 detraxisset
1075 1106 1239 1155 aerarii,
1263 1105 1430 1147 Tertiae
1459 1105 1615 1146 mimae
1642 1118 1739 1145 con-

138 1174 325 1215 donavit.
387 1173 547 1214 Utrum
568 1173 860 1227 impudentius
881 1174 934 1214 ab
955 1173 1078 1214 sociis
1102 1171 1290 1221 abstulit,
1326 1187 1381 1213 an
1413 1170 1579 1225 turpius
1609 1184 1742 1210 mere-

137 1239 237 1281 trici
258 1239 387 1287 dedit,
411 1254 466 1279 an
486 1239 719 1293 improbius
739 1239 895 1293 populo
916 1238 1111 1279 Romano
1132 1238 1302 1287 ademit,
1325 1252 1380 1278 an
1401 1236 1600 1278 audacius
1620 1235 1742 1276 tabu-

138 1306 201 1347 las
221 1304 411 1360 publicas
433 1304 746 1346 commutavit?
805 1305 875 1345 Ex
896 1304 1049 1345 horum
1071 1303 1296 1344 severitate
1316 1310 1358 1344 te
1380 1303 1467 1343 ulla
1497 1302 1562 1344 vis
1593 1300 1745 1355 eripiet

139 1376 214 1413 aut
243 1370 332 1410 ulla
363 1369 571 1424 largitio?
630 1370 730 1411 Non
752 1370 915 1425 eripiet.
978 1369 1061 1410 Sed
1096 1369 1132 1409 si
1164 1368 1381 1423 eripuerit,
1419 1383 1505 1409 non
1536 1365 1745 1420 intelligis

139 1437 245 1477 haec
265 1450 373 1490 quae
388 1435 642 1490 jamdudum
663 1436 812 1491 loquor
833 1436 886 1476 ad
907 1434 1035 1476 aliam
1055 1434 1344 1489 quaestionem
1375 1439 1502 1489 atque
1535 1434 1588 1474 ad
1620 1447 1745 1487 pecu-

141 1501 254 1543 latus
269 1500 480 1556 judicium
500 1501 712 1554 pertinere
730 1502 750 1543 ⁴?
809 1501 963 1556 Itaque
983 1500 1063 1541 1100
1083 1500 1192 1541 1111111
1213 1500 1433 1541 reservabo
1455 1514 1589 1555 genus
1609 1503 1748 1539 totum

142 1567 385 1621 integrum:
419 1567 472 1606 ad
492 1566 611 1607 illam
633 1582 761 1622 quam
783 1566 952 1608 institui
983 1580 1151 1607 eausam
1181 1565 1386 1606 frumenti
1407 1580 1454 1606 ac
1475 1565 1749 1606 decumarum

144 1637 345 1673 revertar.
409 1631 493 1677 Qui
526 1647 659 1686 quum
689 1648 813 1687 agros
842 1632 1051 1673 maximos
1072 1646 1120 1671 ac
1141 1630 1419 1672 feracissimos
1449 1646 1524 1685 per
1549 1630 1746 1684 seipsum,

144 1697 223 1738 hoc
245 1701 320 1746 est,
343 1712 419 1751 per
438 1696 692 1751 Apronium,
715 1697 896 1739 Verrem
917 1697 1110 1746 alterum,
1134 1696 1474 1751 depopularetur,
1498 1696 1552 1736 ad
1565 1694 1750 1735 minores

146 1762 340 1804 civitates
371 1761 555 1803 habebat
588 1763 690 1804 alios
726 1778 830 1817 quos
865 1768 1085 1817 tamquam
1116 1777 1240 1803 canes
1270 1761 1534 1810 immitteret,
1565 1774 1751 1814 nequam

146 1827 340 1869 homines
361 1832 402 1868 et
423 1827 649 1882 improbos,
673 1829 826 1884 quibus
847 1834 920 1870 aut
942 1828 1205 1869 frumentum
1227 1832 1300 1868 aut
1330 1826 1553 1881 pecuniam
1582 1824 1751 1880 publice

148 1894 325 1947 cogebat
346 1893 451 1934 dari.

206 1958 446 1999 XXXVII.
480 1957 533 1999 A.
556 1958 781 2000 Valentius
808 1963 870 2000 est
890 1958 938 1999 in
959 1957 1104 1999 Sicilia
1136 1957 1359 2013 interpres,
1393 1971 1476 2011 quo
1508 1956 1587 1997 iste
1619 1955 1752 1996 inter-

149 2029 268 2079 prete
288 2039 375 2064 non
396 2024 450 2064 ad
469 2023 664 2078 linguam
687 2024 898 2065 Graecam
918 2024 991 2065 sed
1012 2024 1066 2064 ad
1086 2023 1202 2064 furta
1222 2028 1264 2064 et
1285 2022 1450 2077 flagitia
1482 2021 1548 2062 uti
1580 2021 1752 2064 solebat.

151 2089 224 2129 Fit
254 2089 463 2144 interpres
493 2089 575 2138 hic,
608 2089 734 2130 homo
763 2089 870 2130 levis
901 2094 1027 2144 atque
1070 2103 1211 2144 egenS,
1253 2093 1427 2143 repente
1468 2088 1752 2128 decumanus:

152 2154 255 2195 emit
276 2155 371 2209 agri
392 2154 636 2209 Liparensis
656 2155 802 2196 miseri
824 2160 952 2210 atque
968 2155 1109 2211 jejuni
1141 2155 1336 2195 decumas
1366 2153 1500 2194 tritici
1529 2153 1756 2194 medimnis

197 2268 249 2298 36.
280 2269 519 2310 Acestensium]
579 2269 680 2300 Orelli
709 2270 767 2300 has
799 2273 808 2286 ‘
820 2269 931 2309 Segcs-
976 2268 1099 2308 qnum,'
1132 2268 1236 2298 ‘Now
1262 2278 1296 2298 as
1325 2267 1388 2303 he,'
1416 2267 1471 2297 &c.
1518 2266 1602 2303 ‘Qui
1632 2277 1733 2306 quum
1746 2266 1755 2279 '

152 2311 316 2341 tensium?
376 2312 428 2342 No
466 2312 537 2342 MS.
568 2313 625 2342 has
663 2312 931 2347 ‘Acestensiumss
977 2312 1051 2341 does
1068 2313 1126 2341 not
1146 2311 1231 2341 refer
1252 2313 1287 2340 to
1302 2311 1392 2340 what
1410 2310 1561 2349 precedes
1571 2322 1580 2345 3
1604 2309 1631 2339 it
1654 2310 1756 2339 refers

144 2354 260 2384 ‘which
290 2354 317 2383 is
348 2354 532 2384 Garatoni's
563 2356 778 2385 emendation.
837 2355 933 2396 Pliny
977 2356 1012 2384 to
1028 2354 1085 2384 the
1097 2353 1286 2393 suppressed
1298 2353 1493 2383 antecedent
1506 2352 1611 2382 which
1623 2353 1757 2393 belongs

157 2397 216 2437 (H.
232 2396 275 2426 N.
292 2397 337 2426 iii.
351 2398 405 2437 14)
419 2397 581 2427 mentions
598 2399 654 2428 the
664 2398 823 2428 Acestaei.
858 2402 866 2414 ‘
878 2399 932 2428 Se·
978 2399 1013 2427 to
1033 2396 1214 2432 ‘habebat,'
1239 2396 1303 2426 and
1326 2396 1353 2426 it
1377 2396 1402 2426 is
1426 2407 1445 2426 a
1467 2396 1560 2426 usual
1576 2395 1676 2426 Latin
1691 2396 1755 2426 for-

155 2440 368 2480 gestensium'
386 2442 505 2470 cannot
516 2440 555 2470 be
566 2441 667 2480 right,
680 2442 730 2471 for
741 2441 798 2471 the
811 2441 933 2471 Etlmic
977 2440 1076 2470 mula.

155 2493 250 2513 name.
266 2483 301 2512 in
318 2482 430 2513 Cicero
445 2483 471 2512 is
488 2487 497 2499 ‘
508 2483 699 2522 Segestani?
1022 2482 1074 2514 37.
1099 2481 1289 2522 interpres]
1338 2481 1426 2512 Here
1447 2481 1505 2512 the
1521 2481 1610 2512 word
1632 2481 1690 2512 has
1712 2481 1757 2512 its

193 2525 386 2567 peculatus]
457 2526 515 2556 See
562 2526 634 2556 Lib.
674 2528 703 2556 1.
743 2536 769 2556 c.
809 2527 830 2556 4
867 2526 933 2556 and
977 2535 1067 2555 sense
1083 2525 1119 2555 of
1138 2525 1335 2565 interpreter
1351 2526 1388 2554 of
1406 2525 1594 2565 languages.
1639 2525 1692 2554 An
1707 2524 1756 2554 in-

181 2592 187 2599 .
977 2570 1140 2608 terpreter
1156 2579 1220 2598 was
1237 2578 1296 2598 0110
1312 2568 1349 2598 of
1360 2568 1417 2598 the
1434 2572 1443 2585 ‘
1453 2568 1653 2608 apparitores
1664 2567 1673 2580 ³
1690 2567 1727 2597 of
1738 2578 1757 2597 a

205 2611 269 2650 Qui
300 2611 412 2652 quum]
475 2612 509 2642 It
539 2611 565 2641 is
595 2622 674 2651 very
706 2621 853 2641 common
883 2611 933 2641 for
978 2621 1138 2651 governor
1155 2611 1220 2650 (Ad
1237 2611 1310 2641 Div.
1328 2611 1393 2641 xiii.
1411 2611 1478 2651 54).
1524 2611 1707 2650 Diognetus
1730 2610 1757 2639 is

157 2654 269 2685 Cicero
293 2657 329 2685 to
353 2666 408 2685 use
434 2655 575 2694 ‘quum’
599 2654 757 2694 preceded
781 2655 824 2694 by
848 2665 934 2685 some
979 2654 1080 2684 called
1098 2654 1282 2684 ‘Venereus
1298 2654 1487 2694 apparitor,'
1505 2664 1531 2683 c.
1548 2655 1599 2684 38.
1639 2652 1757 2683 Cacsar

156 2698 239 2727 form
256 2698 293 2727 of
304 2698 360 2728 the
376 2698 521 2728 relative.
568 2697 687 2727 Iordan
703 2697 814 2727 makes
830 2708 848 2727 a
863 2708 934 2727 new
978 2697 1043 2727 had
1067 2697 1280 2737 interpreters
1299 2697 1380 2727 with
1403 2697 1471 2727 him
1495 2697 1529 2726 in
1545 2696 1629 2726 Gaul
1646 2696 1698 2736 (B.
1716 2695 1755 2726 G.

156 2741 339 2780 paragraph
371 2741 468 2781 begin
495 2741 575 2771 with
607 2744 615 2757 ‘
627 2740 690 2777 Qui
721 2740 844 2780 quum,‘
875 2741 932 2770 the
977 2740 997 2770 i.
1014 2740 1060 2780 9).

147 2783 309 2823 'meaning
339 2784 375 2813 of
408 2784 514 2814 which
545 2784 660 2814 should
696 2784 735 2814 be
766 2783 841 2813 that
876 2783 933 2813 the
1021 2783 1189 2812 medimnis
1206 2782 1280 2823 DC.]
1315 2783 1419 2812 There
1435 2782 1461 2812 is
1477 2784 1571 2822 great
1588 2780 1757 2811 confusion

157 2825 291 2865 speaker
306 2826 332 2855 is
348 2827 506 2867 supposed
528 2829 563 2857 to
582 2837 678 2867 pause
702 2837 721 2856 a
738 2826 825 2857 little
848 2826 933 2856 after
978 2826 1012 2856 in
1035 2826 1092 2856 the
1114 2826 1220 2863 MSS„
1238 2836 1271 2856 as
1294 2826 1413 2865 Zumpt
1435 2825 1592 2861 observes,
1608 2825 1757 2854 between

158 2871 166 2885 ‘
177 2871 323 2899 revertar
333 2870 354 2906 3’
378 2870 443 2900 and
465 2870 546 2901 theu
564 2872 599 2901 to
615 2869 713 2911 begin
728 2870 825 2910 again
849 2873 857 2886 ‘
869 2868 932 2906 Qui
978 2873 986 2886 ‘
1000 2869 1099 2900 modii
1110 2869 1118 2882 '
1142 2869 1207 2900 and
1231 2873 1239 2886 ‘
1250 2868 1435 2905 medimna,'
1451 2878 1486 2899 as
1508 2868 1565 2899 the
1589 2866 1756 2898 abbrevia-
