1849 3167
159 127 243 169 254
741 125 810 168 IN
841 125 886 167 O.
919 123 1174 167 VERREM

157 255 288 290 moro,
311 239 423 281 nihil
452 239 569 282 aliud
597 239 644 281 in
674 254 722 281 eo
752 239 866 295 quod
895 237 1150 293 reprehendi
1178 235 1310 292 possit
1333 237 1518 288 invenio,
1539 237 1623 279 nisi
1644 237 1757 293 quod

158 306 284 347 homo
315 305 629 361 frugalissimus
660 309 787 360 atquc
809 303 1111 358 integcrrimus
1126 308 1169 343 tc
1184 301 1401 343 hominem
1415 303 1589 358 plenum
1606 303 1754 357 stupri,

159 371 327 427 fiagitii,
350 372 530 421 sceleris,
554 372 726 412 domum
748 385 866 411 suam
898 368 1113 418 invitavit,
1150 367 1234 409 nisi
1261 369 1385 423 quod,
1419 369 1493 424 qui
1529 370 1574 411 C.
1611 369 1753 418 Marii,

159 437 235 479 Cn.
259 437 465 492 Pompeii,
500 437 544 478 O.
578 436 786 485 Marcelli,
823 435 871 475 L.
907 434 1121 483 Sisennae,
1152 433 1216 474 tui
1243 434 1486 484 defensoris,
1520 439 1755 476 ceterorum

157 503 348 545 virorum
368 503 693 544 fortissimorum
714 501 865 554 hospes
886 499 1033 541 fuisset
1054 504 1181 554 atquc
1203 504 1321 549 esset,
1345 500 1399 540 ad
1419 515 1515 541 eum
1530 514 1756 540 numerum

157 568 486 610 clarissimorum
506 567 727 608 hominum
747 570 869 606 tuum
890 580 1056 620 quoque
1076 580 1232 606 nomen
1253 564 1487 619 adscripsit.
1543 565 1682 612 Quare
1703 565 1755 605 dc

157 634 341 689 hospitio
371 633 529 675 violato
559 636 601 674 et
631 632 683 672 de
712 635 786 672 tuo
816 630 898 672 isto
927 630 1091 672 nefario
1121 630 1276 672 scelere
1305 630 1417 671 nihil
1455 645 1634 686 queror:
1676 630 1756 671 hoc

158 699 264 749 dico,
287 714 373 740 non
393 698 445 739 iis
466 698 540 753 qui
567 695 793 738 Sthenium
821 700 992 746 norunt,
1024 695 1103 737 hoc
1134 700 1208 745 est,
1239 695 1403 737 nemini
1432 711 1578 737 eorum
1607 695 1682 751 qui
1710 687 1779 735 in*

159 763 306 805 Sicilia
327 763 522 804 fuerunt:
556 777 681 803 nemo
702 761 817 802 enim
837 760 1009 816 ignorat
1030 776 1112 816 quo
1132 760 1203 802 hic
1235 760 1282 801 in
1314 761 1487 802 civitate
1511 776 1585 803 sua
1615 760 1755 817 splen-

159 829 271 878 dore,
295 844 378 883 qua
410 828 523 883 apud
558 842 702 868 omnes
735 826 897 868 Siculos
929 825 1143 881 dignitate
1174 830 1301 881 atque
1333 826 1645 868 existimatione
1675 826 1755 867 sit:

159 895 232 935 sed
251 899 299 935 ut
319 894 385 934 illi
405 908 572 948 quoque
593 891 668 948 qui
688 891 735 932 in
756 906 805 932 ea
824 891 1045 946 provincia
1073 906 1161 932 non
1190 891 1365 932 fuerunt
1394 891 1635 947 intelligere
1663 906 1756 946 pos-

159 959 257 1008 sint,
280 959 327 999 in
349 974 431 1014 quo
451 957 625 999 homine
650 956 740 1013 [tu]
766 956 964 998 statueris
985 956 1227 1011 exemplum
1249 956 1466 1013 ejusmodi,
1489 957 1602 1012 quod
1625 971 1758 1011 quum

157 1029 331 1080 propter
362 1023 635 1079 iniquitatem
667 1022 742 1072 rei,
776 1027 869 1063 tum
902 1022 1031 1063 etiam
1063 1027 1237 1077 propter
1267 1022 1452 1063 hominis
1487 1021 1756 1076 dignitatem,

158 1091 358 1132 acerbum
398 1089 594 1131 omnibus
627 1093 755 1144 atque
787 1087 1105 1129 intolerandum
1138 1088 1368 1130 videretur.
1428 1087 1592 1129 XLVI.
1625 1088 1758 1128 Estne

159 1155 360 1197 Sthenius
380 1155 416 1197 is
437 1154 511 1210 qui
532 1169 677 1196 omnes
697 1154 877 1195 honores
908 1153 1024 1194 domi
1055 1168 1153 1195 suae
1186 1153 1387 1195 facillime
1419 1168 1552 1208 quum
1583 1153 1759 1208 adeptus

159 1226 278 1270 esset,
314 1220 572 1276 amplissime
604 1234 652 1260 ac
683 1218 1107 1274 magnificentissime
1143 1219 1307 1274 gessit?
1338 1218 1412 1274 qui
1443 1218 1646 1274 oppidum
1673 1233 1760 1259 non

158 1287 396 1329 maximum
415 1285 614 1327 maximis
647 1301 700 1326 ex
733 1285 914 1341 pecunia
946 1300 1021 1326 sua
1052 1285 1155 1326 locis
1185 1285 1479 1326 communibus
1509 1298 1758 1326 monumen-

159 1353 298 1408 tisque
318 1351 532 1393 decoravit
546 1351 566 1392 ⁶?
597 1351 715 1406 cujus
736 1351 788 1391 de
809 1350 973 1391 meritis
993 1350 1039 1391 in
1052 1365 1142 1391 rem
1157 1350 1372 1405 publicam
1388 1349 1760 1391 Thermitanorum

159 1417 404 1472 Siculosque
438 1417 657 1458 universos
690 1416 773 1457 fuit
805 1431 935 1457 aenea
966 1415 1113 1456 tabula
1143 1415 1229 1457 fixa
1256 1415 1451 1457 Thermis
1481 1415 1528 1455 in
1561 1414 1689 1463 curia,
1712 1414 1760 1454 in

159 1499 243 1539 qua
276 1482 445 1538 publice
478 1488 568 1523 erat
603 1482 656 1522 de
690 1481 819 1537 hujus
850 1480 1067 1522 beneficiis
1099 1481 1305 1536 scriptum
1340 1485 1382 1521 et
1413 1479 1619 1529 incisum;
1652 1494 1760 1534 quae

159 1549 305 1590 tabula
343 1553 437 1590 tum
476 1547 656 1602 imperio
696 1551 769 1588 tuo
810 1546 978 1588 revulsa
1020 1561 1134 1588 nunc
1175 1562 1199 1588 a
1238 1561 1306 1587 me
1346 1550 1491 1587 tamen
1540 1545 1761 1600 deportata

160 1620 235 1665 est,
268 1619 318 1656 ut
349 1629 494 1656 omnes
523 1613 652 1669 hujus
678 1613 859 1654 honores
890 1612 1004 1653 inter
1035 1627 1129 1653 suos
1160 1617 1202 1653 et
1233 1610 1560 1666 amplitudinem
1589 1615 1760 1665 possent

159 1696 422 1737 cognoscere.
483 1680 616 1721 Estne
636 1678 707 1720 hic
728 1678 802 1734 qui
823 1679 936 1733 apud
957 1677 1033 1719 Cn.
1057 1678 1308 1733 Pompeium
1324 1677 1604 1718 clarissimum
1619 1676 1760 1718 virum

159 1762 291 1803 quum
312 1750 529 1788 accusatus
551 1749 669 1794 esset,
692 1743 805 1799 quod
824 1748 997 1799 propter
1018 1743 1063 1785 O.
1087 1743 1217 1785 Marii
1247 1742 1582 1784 familiaritatem
1603 1747 1644 1783 et
1664 1742 1759 1783 hos-

158 1813 315 1868 pitium
335 1816 482 1854 contra
503 1825 593 1852 rem
612 1809 827 1865 publicam
848 1810 1024 1851 sensisse
1040 1825 1136 1851 eum
1151 1809 1315 1851 inimici
1336 1813 1378 1850 et
1391 1812 1650 1850 accusatores
1671 1807 1760 1863 ejus

208 1961 241 1992 O.
273 1960 393 1997 Marii,
426 1958 499 2002 eya]
556 1957 592 1990 C.
619 1957 754 1994 Marius,
778 1958 850 1988 who
873 1968 938 1988 was

159 2015 255 2036 scvcn
270 2005 366 2035 times
379 2003 508 2039 consul;
525 2002 584 2033 Cn.
598 2002 769 2042 Pompeius
785 2001 938 2042 Magnus,

160 2048 232 2078 who
249 2058 313 2077 was
331 2050 366 2077 at
386 2047 453 2077 this
473 2046 554 2076 time
579 2045 657 2086 (13.c.
674 2045 729 2086 70)
748 2045 858 2075 consul
868 2057 877 2081 ς
901 2044 937 2075 C.

983 1957 1134 1997 surprise,
1152 1967 1185 1987 as
1208 1956 1238 1987 if
1256 1966 1275 1986 a
1297 1956 1395 1996 thing
1417 1965 1501 1986 were
1524 1954 1666 1996 scarcely
1688 1965 1759 1996 pos-

983 2001 1062 2031 sible
1072 2013 1081 2037 3
1106 2001 1178 2031 Lib.
1196 2001 1225 2031 1.
1243 2010 1270 2030 c.
1287 2001 1338 2036 18,
1361 1999 1616 2038 “Apollinemne
1636 2000 1675 2029 tu
1696 1999 1760 2029 De-

982 2044 1062 2074 lium
1079 2044 1214 2084 spoliare
1230 2054 1326 2073 ausus
1342 2053 1374 2072 es
1386 2042 1427 2072 29³>
1455 2041 1612 2082 (Zumpt.)

160 2091 345 2125 MarcelluS,
358 2090 430 2119 who
439 2089 504 2119 had
515 2089 596 2119 been
608 2088 769 2128 ‘praetor’
782 2088 819 2118 of
828 2088 937 2128 Sicily,

161 2134 225 2164 and
249 2144 314 2163 was
333 2144 352 2163 a
377 2132 511 2173 ‘judex’
537 2134 572 2162 at
597 2132 663 2162 this
684 2131 781 2168 tria13
807 2131 845 2161 L.
862 2131 939 2161 Cor-

160 2177 264 2207 nelius
282 2176 425 2212 Sisenna,
442 2186 483 2205 an
500 2177 610 2205 orator
628 2174 777 2215 (Brutus,
795 2184 822 2204 c.
838 2174 906 2214 64).

205 2220 263 2250 Ῐιοο
285 2218 385 2259 diem]
434 2222 443 2234 ‘
456 2218 497 2248 Id
519 2218 605 2257 quod
628 2217 861 2258 subjungitur,'
883 2217 938 2247 ob-

160 2272 266 2293 scrvcs
283 2261 472 2291 Manutius:
498 2264 506 2277 ‘
517 2261 618 2291 Estne
635 2260 789 2291 Sthenius
805 2260 853 2296 is‚'
870 2260 937 2296 δια,

161 2315 188 2336 c.
206 2305 314 2335 τκ6.--ἶ
324 2306 364 2334 tu
383 2304 538 2334 statueris
550 2304 568 2334 :'
593 2304 713 2343 Zumpt
733 2303 798 2334 and
818 2303 939 2334 Iordan

161 2348 242 2379 omit
259 2351 268 2364 ‘
279 2347 340 2378 tu.'

205 2391 257 2421 46.
293 2391 399 2420 Estne
431 2389 582 2419 Sthenius
611 2389 641 2419 is
675 2388 747 2430 45⁴0]
796 2389 849 2419 ‘Is
878 2390 938 2419 not

162 2434 230 2465 this
246 2434 302 2464 the
316 2432 469 2463 Sthenius
482 2432 512 2462 ‚⁹²
529 2432 584 2462 &a
616 2432 693 2461 This
709 2432 735 2461 is
750 2432 808 2462 the
820 2442 937 2472 proper

160 2476 357 2508 translation
381 2475 418 2506 of
438 2475 516 2505 ‘ne'
541 2475 618 2505 thus
641 2475 753 2514 placed
775 2475 857 2505 with
879 2475 937 2505 the

160 2519 320 2560 principal
343 2519 440 2555 verb3
464 2528 497 2548 as
521 2517 555 2547 in
579 2517 645 2547 Cic.
668 2518 731 2547 Pro
751 2518 822 2548 Mil.
839 2528 866 2548 c.
883 2519 935 2554 14,

161 2567 182 2581 “
194 2563 355 2603 potuitne,
373 2572 473 2601 quum
497 2561 628 2590 domum
652 2570 688 2590 ac
707 2561 781 2590 deos
803 2563 936 2600 penates

160 2617 233 2637 suos
263 2606 317 2635 illo
344 2606 553 2645 oppugnante
578 2603 776 2639 defenderet,
798 2604 873 2643 jure
903 2614 936 2634 se

160 2649 271 2680 ulcisci
286 2648 327 2679 ?''
376 2648 454 2683 But,
470 2647 565 2677 when
582 2646 659 2676 ‘ne'
683 2646 709 2676 is
734 2646 838 2676 added
860 2648 896 2676 to
919 2657 936 2677 a

159 2703 247 2722 noun
272 2702 308 2722 or
331 2691 478 2731 particle,
502 2690 530 2720 it
553 2690 579 2719 is
600 2689 675 2719 that
700 2689 936 2729 interrogative

161 2736 242 2765 form
260 2735 366 2765 which
382 2734 507 2774 implies
523 2743 542 2763 a
563 2732 716 2772 negative
736 2742 859 2762 answer
869 2744 878 2768 3
902 2742 936 2762 as

160 2778 193 2808 in
219 2778 290 2807 Lib.
315 2779 344 2807 3.
362 2788 388 2807 c.
405 2777 457 2813 77,
483 2776 563 2806 “his
587 2775 776 2806 civitatibus
792 2775 936 2805 omnisne

159 2821 296 2860 pecunia
313 2843 319 2850 .
338 2843 344 2850 .
361 2821 518 2850 dissoluta
532 2820 581 2850 est
595 2819 636 2849 ?''
682 2818 716 2848 It
732 2818 758 2848 is
776 2818 841 2848 also
856 2818 936 2848 used

158 2864 192 2894 in
216 2866 383 2894 sentences
398 2863 504 2894 which
527 2872 655 2903 express
678 2861 874 2892 admiration
898 2871 935 2891 or

1027 2098 1127 2117 aenea
1140 2085 1271 2127 tabula]
1294 2086 1356 2116 His
1366 2085 1501 2116 services
1511 2095 1595 2115 wcrc
1604 2084 1759 2116 recorded

983 2130 1027 2171 by
1043 2131 1100 2161 the
1125 2130 1220 2160 order
1244 2130 1281 2160 of
1300 2129 1357 2159 the
1381 2130 1470 2159 town
1497 2127 1650 2168 (publice)
1675 2138 1716 2157 on
1739 2139 1759 2158 a

983 2173 1088 2204 tablct
1104 2173 1141 2203 of
1158 2173 1286 2208 bronze,
1304 2171 1410 2202 which
1425 2171 1459 2201 in
1476 2171 1563 2211 Italy
1579 2171 1643 2200 and
1660 2171 1759 2211 Sicily

982 2227 1047 2246 was
1063 2216 1161 2246 much
1177 2216 1256 2246 used
1270 2216 1320 2245 for
1340 2214 1449 2254 public
1472 2214 1611 2250 recordS,
1628 2214 1693 2244 and
1708 2214 1759 2244 for

982 2259 1040 2290 the
1065 2259 1288 2299 preservation
1312 2258 1349 2288 of
1371 2257 1497 2297 ‘leges'
1543 2257 1611 2287 The
1635 2257 1759 2287 Tabula

983 2302 1153 2338 Heraclea,
1170 2301 1227 2332 thc
1237 2302 1403 2341 fragment
1412 2300 1448 2330 of
1459 2300 1517 2330 the
1533 2300 1600 2330 Lex
1612 2300 1758 2336 Servilia,

982 2345 1047 2375 and
1078 2345 1172 2375 other
1204 2343 1332 2383 ‘leges³
1363 2343 1444 2373 have
1470 2343 1552 2373 been
1582 2343 1659 2374 thus
1685 2353 1758 2384 pre-

981 2388 1104 2419 served.
1150 2387 1244 2424 Ovid,
1261 2387 1397 2417 Metam.
1413 2386 1434 2416 i.
1451 2387 1491 2417 91
1505 2398 1512 2416 :

1214 2449 1235 2463 “
1245 2456 1304 2476 nec
1320 2445 1419 2476 verba
1434 2445 1573 2476 minacia
1588 2446 1652 2476 fixo

1067 2491 1150 2520 Aere
1164 2489 1392 2529 lcgebantur.”

1025 2557 1115 2597 apud
1136 2557 1191 2586 Cn.
1208 2555 1416 2597 Pompeium]
1465 2556 1571 2586 When
1588 2555 1646 2586 Cn.
1663 2555 1758 2586 Pom-

981 2601 1072 2640 peius
1088 2610 1152 2630 was
1167 2602 1240 2630 sent
1262 2600 1333 2630 into
1350 2599 1447 2640 Sicily
1464 2599 1550 2629 after
1566 2598 1681 2635 Carbo,
1697 2609 1758 2629 one

982 2644 1019 2674 of
1036 2643 1094 2673 the
1116 2643 1280 2683 partizans
1304 2643 1340 2673 of
1359 2643 1495 2679 Marius,
1511 2642 1617 2672 whom
1640 2642 1680 2672 he
1695 2644 1757 2682 put

982 2689 1017 2717 to
1041 2686 1150 2716 death.
1196 2686 1365 2722 Plutarch,
1386 2686 1498 2725 Pomp.
1522 2696 1549 2716 c.
1574 2686 1681 2715 10.—‘
1691 2686 1756 2715 sta-

981 2731 1091 2760 tueret
1104 2729 1122 2759 ε’
1146 2729 1203 2759 thc
1220 2729 1315 2759 MSS.
1331 2729 1413 2759 have
1430 2732 1439 2745 ‘
1451 2728 1629 2764 statuerit,'
1651 2727 1757 2758 which

981 2772 1112 2802 Ernesti
1143 2772 1268 2802 altered
1298 2774 1334 2802 to
1365 2776 1374 2788 ‘
1386 2771 1570 2808 statueret:
1598 2771 1704 2801 which
1731 2770 1758 2800 is

981 2815 1159 2846 consistent
1175 2815 1256 2845 with
1273 2819 1282 2831 ‘
1292 2814 1532 2845 arbitraretur?

1024 2861 1140 2890 eontra
1158 2881 1164 2889 .
1183 2881 1190 2889 .
1208 2881 1215 2889 .
1231 2857 1384 2898 sensisse]
1446 2857 1524 2888 This
1558 2857 1584 2887 is
1614 2867 1633 2887 a
1665 2855 1758 2887 usual
