1849 3167
130 119 214 162 364
715 121 785 164 IN
816 121 861 163 O.
894 121 1150 164 VERREM

127 238 367 277 aratorum:
399 239 505 286 tum,
538 235 613 291 qui
642 235 703 276 M.
736 235 925 278 Laevino
956 240 1029 277 aut
1059 235 1108 277 P.
1131 235 1308 291 Rupilio
1338 241 1412 279 aut
1442 238 1516 280 Μ’.
1540 238 1733 295 Aquillio

126 306 339 356 praetores
370 302 417 343 in
453 318 546 344 eam
577 302 843 357 provinciam
875 307 1173 352 successerant,
1207 307 1392 345 aratores
1427 304 1610 360 reliquos
1645 321 1732 346 non

124 367 395 423 colligebant.
457 368 649 409 Tantone
670 367 765 422 plus
786 367 941 408 Verres
964 382 1061 407 cum
1081 366 1275 422 Apronio
1299 368 1542 423 provinciae
1563 370 1732 412 Siciliae

125 432 380 474 calamitatis
410 432 659 488 importavit
687 447 816 487 quam
847 437 920 473 aut
950 432 1197 473 Hasdrubal
1226 448 1324 474 cum
1354 433 1593 477 Poenorum
1613 452 1730 477 exer-

125 497 226 547 citu,
250 503 323 540 aut
343 498 534 540 Athenio
559 513 656 540 cum
686 497 968 552 fugitivorum
997 498 1196 539 maximis
1227 498 1370 553 copiis,
1392 505 1441 541 ut
1471 501 1731 556 temporibus

124 562 210 604 illis
231 563 358 604 simul
388 571 514 619 atque
536 563 668 604 hostis
700 568 920 618 superatus
942 568 1049 604 esset
1080 579 1182 618 ager
1212 569 1403 606 araretur
1423 567 1571 616 omnis,
1593 582 1732 622 neque

124 629 283 669 aratori
311 634 481 684 praetor
510 644 586 683 per
615 628 760 669 literas
791 628 1052 684 supplicaret
1082 644 1219 684 neque
1247 645 1344 671 eum
1373 645 1570 684 praesens
1591 641 1731 675 oraret
1773 665 1776 668 ⁴

122 698 171 734 ut
204 709 332 749 quam
365 694 599 748 plurimum
632 698 801 744 sereret,
832 709 948 735 nunc
978 698 1122 734 autem
1153 709 1207 734 ne
1238 699 1333 748 post
1365 695 1527 736 abitum
1557 697 1730 752 quidem

122 759 196 814 huj
203 775 251 800 us
271 759 659 813 importunissimae
674 759 804 814 pestis
820 759 1046 814 quisquam
1058 759 1316 814 reperiretur
1332 761 1406 815 qui
1422 776 1496 802 sua
1511 762 1730 805 voluntate

122 829 273 874 araret,
289 824 414 879 pauci
434 831 573 866 essent
593 825 749 880 reliqui
769 825 843 880 qui
864 824 913 865 L.
929 824 1097 866 Metelli
1118 825 1369 867 auctoritate
1390 826 1436 867 in
1457 842 1581 882 agros
1602 834 1729 883 atque

121 890 176 930 ad
197 905 319 930 sumn
339 890 473 931 larem
493 890 749 931 familiarem
769 890 991 932 redirent?
1051 890 1133 932 His
1157 895 1200 932 te
1220 891 1368 940 literis,
1391 891 1517 933 homo
1539 894 1727 935 audacis-

121 955 224 996 sime
238 960 366 1010 atque
380 956 680 1006 amentissime,
694 956 943 1012 jugulatum
960 971 1046 997 esse
1063 971 1150 997 non
1166 957 1331 998 sentis?
1351 972 1437 998 non
1450 958 1581 1007 vides,
1597 974 1730 1013 quum

119 1020 155 1061 is
191 1021 266 1075 qui
297 1020 378 1062 tibi
418 1021 616 1063 successit
649 1026 834 1062 aratores
866 1021 1053 1076 reliquos
1093 1021 1290 1076 appellet,
1325 1022 1404 1063 hoc
1441 1038 1538 1063 eum
1573 1023 1728 1065 diserte

119 1086 313 1136 scribere,
337 1087 523 1142 reliquos
544 1087 620 1128 hos
642 1103 729 1128 esse
749 1102 835 1129 non
856 1102 910 1128 ex
939 1087 1051 1128 bello
1076 1102 1213 1142 neque
1235 1103 1288 1129 ex
1315 1087 1458 1143 aliqua
1484 1088 1729 1144 hujusmodi

119 1151 372 1202 calamitate,
395 1154 468 1194 sed
499 1168 552 1194 ex
583 1158 655 1194 tuo
677 1153 844 1203 scelere,
866 1153 1204 1208 importunitate,
1228 1153 1420 1203 avaritia,
1443 1154 1693 1195 crudelitate
1708 1155 1728 1196 Ρ

118 1216 270 1258 Recita
291 1223 443 1259 cetera.
508 1223 518 1240 ‘
535 1219 694 1260 Tamen
716 1234 793 1273 pro
815 1235 862 1260 eo
883 1224 931 1260 ut
952 1219 1155 1274 temporis
1180 1218 1406 1260 difficultas
1430 1224 1729 1274 aratorumque

117 1283 296 1337 penuria
328 1283 456 1325 tulit.'
521 1283 805 1334 ‘Aratorum,'
840 1284 994 1339 inquit,
1032 1284 1266 1339 ‘penuria'
1327 1284 1374 1325 Si
1401 1300 1480 1339 ego
1511 1290 1728 1326 accusator

117 1349 242 1390 toties
270 1349 321 1390 de
346 1365 391 1390 re
418 1350 565 1391 eadem
590 1350 787 1399 dicerem,
810 1365 979 1391 vererer
1009 1365 1063 1391 ne
1089 1350 1252 1391 animos
1272 1354 1433 1391 vestros
1455 1349 1724 1400 offenderem,

112 1414 289 1469 judices.
353 1415 520 1456 Clamat
551 1415 763 1465 Metellus,
795 1415 915 1456 ‘Nisi
942 1415 1087 1456 literas
1113 1415 1361 1456 misissem?
1393 1430 1480 1456 non
1508 1420 1571 1456 est
1598 1415 1724 1457 satis:

119 1484 129 1501 ‘
145 1480 244 1521 Nisi
270 1496 468 1535 praesens
490 1480 805 1522 confirmassem
820 1481 844 1521 :'
876 1496 929 1521 ne
950 1480 996 1521 id
1017 1481 1189 1535 quidem
1219 1480 1321 1521 satis
1343 1485 1429 1521 est:
1465 1485 1474 1503 ‘
1491 1480 1724 1536 Reliquos,'

116 1545 272 1600 inquit,
317 1546 556 1587 ‘aratores'
629 1545 858 1601 Reliquos!
902 1561 1032 1600 prope
1072 1545 1247 1600 lugubri
1278 1546 1406 1587 verbo
1439 1545 1726 1588 calamitatem

115 1611 359 1665 provinciae
381 1611 549 1652 Siciliae
571 1611 810 1666 significat:
843 1611 975 1661 addit,
1002 1616 1010 1632 ‘
1027 1610 1261 1652 Aratorum
1281 1611 1487 1666 penuria.'

173 1676 266 1717 LV.
299 1676 556 1731 Exspectate
587 1677 729 1726 etiam,
757 1676 936 1732 judices,
969 1681 1223 1731 exspectate,
1257 1676 1292 1717 si
1322 1676 1509 1731 potestis,
1542 1677 1724 1719 auctori-

115 1746 249 1782 tatem
289 1741 567 1782 accusationis
606 1757 737 1782 meae.
799 1741 907 1783 Dico
944 1746 1130 1782 aratores
1170 1741 1292 1783 istius
1328 1742 1509 1783 avaritia
1541 1743 1723 1798 ejectos:

116 1807 264 1848 scribit
300 1807 502 1848 Metellus
538 1807 771 1862 ‘reliquos’
807 1808 860 1848 ab
901 1822 943 1848 se
978 1822 1065 1848 esse
1099 1807 1379 1848 confirmatos.
1453 1807 1560 1849 Dico
1601 1823 1725 1863 agros

116 1872 283 1913 relictos
314 1872 609 1927 arationesque
640 1873 826 1914 desertas
851 1888 963 1914 esse:
997 1872 1144 1913 scribit
1172 1871 1372 1913 Metellus
1401 1876 1616 1914 aratorum
1637 1889 1725 1915 esse

119 1937 394 1995 ‘penuriam.'
456 1937 551 1979 Hoc
587 1953 720 1993 quum
756 1938 916 1988 scribit,
950 1937 1060 1979 illud
1094 1937 1292 1987 ostendit,
1325 1937 1522 1993 dejectos,
1555 1938 1722 1994 ejectos,

156 2090 348 2131 praetores]
394 2090 464 2121 The
480 2090 533 2121 old
548 2090 685 2130 reading
700 2089 726 2120 is
751 2092 760 2107 ‘
770 2091 898 2130 praeto-

115 2134 207 2166 ribus
217 2134 237 2170 ς’
261 2134 322 2164 but
346 2134 403 2165 the
427 2134 520 2165 three
541 2144 616 2164 men
631 2134 704 2164 who
720 2134 801 2164 have
817 2134 899 2164 been

116 2177 235 2207 named
258 2187 341 2207 were
360 2177 465 2207 either
488 2177 624 2207 Consuls
647 2187 683 2207 or
707 2177 899 2207 Proconsuls

117 2221 152 2249 in
180 2220 289 2260 Sicily.
343 2220 413 2249 The
438 2221 574 2260 reading
602 2220 848 2260 ‘praetoribus'
872 2220 899 2250 is

118 2263 239 2303 merely
250 2273 268 2292 a
283 2262 598 2303 misinterpretation
613 2264 651 2293 of
662 2263 719 2293 the
731 2263 897 2293 abbrevia-

117 2306 188 2336 tion
214 2306 284 2341 Pr„
311 2306 376 2335 and
402 2306 462 2346 Lg.
486 2308 528 2336 42
550 2307 609 2336 has
632 2306 837 2345 ‘praetores’
863 2308 898 2336 at

117 2349 179 2379 full
193 2348 319 2389 length.
346 2349 466 2390 Zumpt
482 2351 631 2388 suggests
647 2349 674 2379 it
689 2359 725 2379 as
740 2359 759 2379 a
775 2351 898 2379 matter

117 2392 155 2422 of
175 2392 422 2427 consideration,
439 2392 587 2421 whether
611 2392 664 2421 ‘in
680 2402 750 2422 eam
770 2392 898 2431 provin-

119 2435 221 2465 ciam’
242 2434 358 2465 should
379 2435 418 2465 be
440 2435 588 2475 changed
607 2435 678 2465 into
700 2435 753 2464 ‘in
774 2445 810 2465 ea
826 2445 899 2474 pro-

117 2478 246 2508 vincia!

161 2522 206 2551 As
230 2523 265 2551 to
288 2520 336 2551 M.
360 2520 509 2550 Valerius
533 2520 704 2556 Laevinus,
729 2530 779 2550 see.
802 2520 897 2560 Livy,

119 2564 191 2594 Lib.
217 2565 267 2595 26.
293 2574 319 2594 c.
336 2565 388 2599 40,
406 2564 470 2593 and
486 2563 557 2593 Lib.
575 2564 626 2594 27.
643 2573 669 2593 c.
688 2564 717 2593 5.
765 2563 817 2593 He
833 2573 898 2592 was

118 2608 152 2637 in
170 2608 279 2647 Sicily,
296 2618 330 2637 as
346 2607 466 2642 consul,
484 2614 549 2636 ΒΕ.
567 2607 640 2641 210,
658 2606 722 2636 and
737 2606 896 2646 tranquil-

118 2651 201 2681 lized
224 2651 281 2681 the
302 2650 407 2681 island
422 2650 508 2681 after
523 2649 580 2680 the
597 2651 731 2689 capture
747 2649 784 2679 of
802 2649 898 2689 Agri-

118 2696 267 2734 gentum.

164 2737 232 2766 The
255 2736 447 2776 inscription
465 2736 499 2765 in
522 2735 646 2766 Gruter
668 2735 755 2775 (150.
772 2734 818 2775 7),
835 2734 900 2764 and

120 2780 155 2809 in
172 2779 300 2809 Orelli’s
316 2780 452 2819 Inscrip.
470 2779 544 2809 Lat.
562 2779 625 2809 Sel.
641 2778 674 2808 ii.
690 2778 742 2814 71,
755 2777 900 2808 referred

119 2825 156 2852 to
186 2822 229 2862 by
258 2822 367 2858 Klotz,
395 2822 508 2862 begins
533 2822 629 2852 thus:
662 2829 701 2851 M.
727 2828 898 2857 AQv1L1vs

121 2874 161 2896 M.
181 2873 212 2896 F.
237 2873 384 2896 GALLVS.
409 2873 511 2896 PROC.
529 2888 536 2896 .
554 2887 563 2896 .
580 2873 623 2896 ΕΤ
647 2873 766 2896 EIDEM
790 2872 899 2895 PRAE-

944 2097 1014 2120 Tou
1039 2098 1080 2120 IN
1106 2096 1250 2125 smum,
1275 2087 1330 2119 &c.
1378 2088 1446 2118 But
1472 2087 1500 2118 it
1526 2087 1553 2118 is
1578 2087 1662 2118 hard
1688 2089 1723 2118 to

943 2144 999 2173 say
1018 2133 1108 2163 what
1131 2133 1157 2162 is
1180 2132 1237 2162 the
1260 2132 1354 2162 value
1377 2132 1414 2161 of
1431 2131 1498 2161 this
1520 2131 1723 2171 inscription.

945 2176 1044 2206 Klotz
1063 2186 1135 2216 says
1151 2175 1226 2205 that
1242 2175 1282 2205 he
1298 2185 1363 2204 was
1380 2174 1567 2210 Proconsul,
1584 2174 1648 2204 and
1671 2184 1722 2204 ac-

944 2219 1114 2259 cordingly
1129 2219 1170 2248 he
1194 2218 1270 2248 calls
1293 2217 1426 2247 himself
1444 2227 1487 2253 so,
1511 2217 1561 2247 for
1584 2217 1651 2247 this
1673 2217 1723 2246 in-

942 2262 1098 2302 scription
1120 2261 1276 2301 professes
1298 2263 1334 2290 to
1354 2261 1393 2290 be
1415 2260 1509 2290 made
1525 2260 1568 2300 by
1583 2260 1721 2297 himself,

941 2305 1002 2335 but
1023 2305 1064 2335 he
1083 2314 1226 2344 appears,
1251 2304 1332 2333 with
1353 2303 1516 2333 reference
1538 2305 1573 2333 to
1594 2303 1643 2332 his
1667 2303 1722 2333 ad-

941 2347 1164 2378 ministration
1180 2347 1216 2376 of
1237 2346 1346 2386 Sicily,
1363 2348 1398 2376 to
1416 2346 1498 2376 have
1514 2346 1617 2376 called
1638 2346 1721 2376 him-

944 2391 1007 2421 self
1027 2390 1173 2420 Praetor.
1220 2389 1319 2419 Klotz
1342 2389 1442 2419 refers
1464 2391 1499 2419 to
1522 2389 1580 2419 the
1604 2399 1674 2419 case
1690 2390 1728 2419 of

945 2433 1081 2463 Bibulus
1099 2432 1179 2473 (Cic.
1196 2432 1248 2462 Ad
1264 2432 1338 2462 Div.
1354 2432 1387 2462 ii.
1406 2432 1472 2472 17),
1489 2432 1561 2462 who
1577 2432 1603 2462 is
1620 2432 1723 2463 called

944 2476 1081 2506 Praetor
1097 2476 1133 2505 of
1145 2475 1248 2515 Syria,
1265 2475 1392 2515 though
1408 2475 1449 2505 he
1464 2475 1529 2505 had
1544 2475 1625 2505 been
1639 2475 1722 2506 Con-

943 2519 1003 2549 sul.
1050 2519 1108 2549 See
1127 2519 1184 2549 the
1207 2520 1284 2549 note
1301 2518 1337 2548 of
1357 2519 1393 2548 P.
1410 2518 1581 2548 Manutius
1597 2529 1638 2549 on
1653 2518 1721 2549 this

940 2572 1074 2602 passage
1090 2562 1127 2592 of
1139 2561 1261 2596 Cicero,
1278 2562 1341 2591 and
1358 2561 1499 2598 Ernesti,
1517 2561 1623 2592 Clavis
1640 2561 1707 2592 Cic.

981 2616 1046 2645 pro
1063 2616 1097 2635 eo
1114 2604 1167 2645 ut]
1205 2605 1334 2634 Servius
1351 2605 1522 2644 Sulpicius,
1538 2605 1572 2634 in
1588 2615 1607 2634 a
1622 2605 1722 2635 letter

942 2650 978 2678 to
995 2648 1106 2679 Cicero
1123 2648 1189 2689 (Ad
1209 2648 1283 2678 Div.
1304 2648 1346 2678 iv.
1368 2648 1413 2688 5),
1434 2648 1492 2678 has
1515 2648 1572 2678 the
1595 2658 1722 2687 expres-

943 2691 1012 2721 sion
1029 2695 1038 2708 ‘
1050 2702 1108 2731 pro
1124 2701 1160 2721 eo
1176 2702 1212 2721 ac
1229 2691 1347 2721 debui?
1393 2691 1451 2721 See
1468 2690 1539 2720 Lib.
1557 2692 1586 2721 2.
1604 2701 1630 2720 c.
1647 2692 1699 2721 34.

987 2735 1039 2765 55.
1064 2733 1312 2774 auctoritatem]
1340 2734 1418 2765 ‘the
1441 2733 1615 2764 evidence?
1662 2734 1722 2764 See

943 2777 1000 2807 the
1018 2777 1131 2813 Index,
1149 2782 1157 2794 ‘
1170 2777 1306 2808 auctor?

986 2821 1103 2861 ejectos
1116 2820 1142 2861 .·]
1170 2821 1290 2860 Zumpt
1305 2820 1369 2850 and
1386 2819 1506 2850 Iordan
1521 2819 1603 2850 omit
1620 2823 1629 2836 ‘
1641 2819 1722 2860 ejec-

942 2865 994 2894 tos
1007 2864 1016 2876 '
1039 2874 1081 2895 on
1100 2863 1157 2895 the
1172 2863 1342 2904 authority
1358 2863 1395 2894 of
1414 2863 1475 2904 Lg.
1492 2864 1534 2893 42
1550 2862 1642 2893 F.—‘
1654 2862 1722 2893 ani-
