1849 3167
466 104 594 147 ΑΟΤ.
626 105 690 147 Π.
722 104 912 147 LIBER
943 105 1223 153 QUINTUS.
1575 108 1657 151 605

0 226 75 265 ,κν
113 216 233 260 LVI.
265 216 327 260 At
347 234 454 274 quae
476 224 566 261 erat
587 219 669 262 ista
688 219 821 262 libido
852 219 1118 262 crudelitatis
1146 222 1419 273 exercendae,
1453 237 1561 278 quae
1591 226 1657 264 tot

55 283 261 325 scelerum
281 278 642 340 suscipiendorum
663 301 787 327 causa
801 286 821 326 Ρ
878 285 1024 335 Nulla,
1042 286 1219 342 judices,
1237 293 1405 343 praeter
1420 287 1655 343 praedandi

53 363 209 390 novam
230 349 574 406 singularemque
594 350 815 392 rationem.
875 351 991 392 Nam
1010 358 1058 392 ut
1079 352 1157 402 illi,
1180 368 1284 408 quos
1301 369 1324 394 a
1339 354 1475 408 po'e'tis
1492 352 1651 407 accepi-

53 429 160 464 mus,
183 415 258 470 qui
279 415 395 457 sinus
417 417 620 471 quosdam
635 417 843 458 obsedjsse
863 417 1099 458 maritimos
1120 423 1194 459 aut
1210 418 1352 473 aliqua
1366 419 1657 473 promontoria

55 485 130 520 aut
159 486 388 536 praerupta
418 497 519 522 saxa
548 481 733 523 tenuisse
763 482 976 532 dicuntur,
1008 488 1057 524 ut
1087 498 1156 524 eos
1196 483 1271 538 qui
1306 488 1444 524 essent
1486 484 1655 538 appulsi

54 545 240 601 navigiis
270 546 509 588 interficere
547 552 729 602 possent,
762 548 821 589 sic
850 548 930 590 iste
960 548 1007 590 in
1037 549 1180 590 omnia
1210 549 1346 590 maria
1386 549 1566 591 infestus
1601 566 1655 591 ex

54 612 250 653 omnibus
271 612 439 654 Siciliae
459 612 650 668 partibus
670 612 932 655 imminebat.
998 614 1285 670 Quaecunque
1306 615 1428 657 navis
1457 630 1509 656 ex
1537 614 1654 665 Asia,

56 691 164 732 quae
194 693 248 718 ex
277 677 413 732 Syria,
438 693 545 733 quae
576 678 701 733 Tyro,
724 693 831 733 quae
858 678 1124 721 Alexandria
1153 685 1340 731 venerat,
1364 681 1510 722 statim
1530 681 1656 722 certis

53 741 264 784 indicibus
295 747 337 784 et
367 744 609 785 custodibus
650 744 898 785 tenebatur:
945 750 1135 786 vectores
1176 760 1321 787 omnes
1351 746 1398 787 in
1427 745 1656 787 lautumias

53 807 414 863 conjiciebantur:
447 824 575 850 onera
603 813 729 864 atque
756 824 915 851 merces
935 809 982 851 in
1001 810 1260 865 praetoriam
1291 811 1464 852 domum
1494 812 1654 853 defere-

52 873 221 915 bantur.
273 874 535 916 Versabatur
555 874 601 915 in
622 874 767 916 Sicilia
786 875 916 931 longo
936 876 1164 918 intervallo
1179 877 1298 927 alter,
1317 893 1403 919 non
1419 877 1654 933 Dionysius

51 938 125 980 ille
145 955 222 981 nec
243 939 452 990 Phalaris,
474 940 576 981 tulit
597 940 711 981 enim
732 940 806 981 illa
826 942 1039 996 quondam
1060 942 1200 983 insula
1224 943 1381 984 multos
1403 947 1445 984 et
1466 943 1656 984 crudeles

52 1009 269 1060 tyrannos,
293 1007 365 1047 sed
386 1006 599 1061 quoddam
620 1021 778 1048 novum
799 1013 1037 1048 monstrum
1057 1023 1111 1049 ex
1130 1013 1275 1049 vetere
1291 1008 1368 1049 illa
1383 1008 1655 1049 immanitate

52 1083 159 1124 quae
189 1069 235 1111 in
265 1070 415 1112 iisdem
444 1071 546 1113 locis
575 1081 742 1113 versata
771 1087 859 1113 esse
886 1073 1055 1114 dicitur.
1116 1073 1217 1115 Non
1245 1074 1361 1114 enim
1389 1073 1655 1129 Charybdim

52 1139 142 1176 tam
170 1136 370 1178 infestam
400 1152 538 1192 neque
572 1136 761 1192 Scyllam
792 1138 935 1179 nautis
967 1153 1095 1193 quam
1127 1139 1258 1179 istum
1289 1139 1335 1180 in
1364 1140 1511 1180 eodem
1544 1139 1654 1181 freto

51 1200 180 1243 fuisse
200 1202 407 1243 arbitror:
439 1202 518 1243 hoc
539 1202 669 1243 etiam
689 1202 769 1242 iste
795 1201 991 1244 infestior
1021 1204 1135 1258 quod
1164 1204 1301 1246 multo
1322 1220 1365 1246 se
1385 1204 1581 1259 pluribus
1612 1210 1655 1246 et

50 1265 372 1309 immanioribus
405 1267 578 1308 canibus
611 1266 890 1308 succinxerat.
965 1267 1147 1324 Cyclops
1180 1269 1289 1311 alter
1323 1269 1460 1311 multo
1495 1270 1651 1325 impor—

49 1331 217 1373 tunior:
249 1332 320 1373 hic
341 1331 456 1373 enim
475 1337 610 1373 totam
637 1331 821 1373 insulam
851 1332 1070 1374 obsidebat
1086 1349 1095 1384 ;
1128 1333 1201 1375 ille
1230 1334 1419 1376 Aetnam
1450 1335 1582 1377 solam
1612 1340 1655 1377 et

49 1412 142 1439 eam
163 1397 332 1439 Siciliae
353 1402 519 1453 partem
538 1397 724 1438 tenuisse
745 1397 913 1439 dicitur.
976 1398 1037 1440 At
1059 1414 1166 1454 quae
1188 1415 1314 1441 causa
1334 1405 1428 1441 tum
1458 1400 1652 1456 subjicie-

48 1463 176 1504 batur
207 1463 260 1505 ab
289 1463 393 1519 ipso,
420 1463 597 1519 judices,
629 1463 758 1519 hujus
788 1468 878 1505 tam
907 1463 1095 1507 nefariae
1126 1466 1431 1508 crudelitatis?
1491 1467 1652 1508 Eadem

49 1543 157 1583 quae
177 1543 290 1570 nunc
311 1528 358 1569 in
378 1528 622 1570 defensione
643 1529 1055 1573 commemorabitur.
1119 1530 1372 1587 Quicunque
1393 1537 1654 1573 accesserant

49 1594 104 1634 ad
134 1593 325 1635 Siciliam
353 1594 479 1649 paulo
509 1594 733 1649 pleniores,
769 1609 838 1635 eos
870 1593 1135 1637 Sertorianos
1163 1596 1322 1638 milites
1355 1612 1442 1638 esse
1478 1602 1605 1652 atque
1629 1612 1654 1638 a

49 1658 206 1700 Dianio
237 1659 386 1715 fugere
417 1659 596 1700 dicebat.
668 1659 744 1699 Illi
771 1660 825 1700 ad
859 1660 1173 1714 deprecandum
1205 1662 1442 1716 periculum
1469 1662 1653 1717 profere-

48 1724 166 1774 bant,
189 1724 264 1766 alii
283 1739 518 1779 purpuram
541 1723 729 1779 Tyriam,
754 1729 821 1765 tus
851 1724 926 1765 alii
956 1730 1084 1780 atque
1114 1726 1262 1768 odores
1291 1732 1538 1782 vestemque
1569 1727 1651 1768 lin-

48 1794 174 1840 team,
199 1804 388 1845 gemmas
408 1789 479 1830 alii
503 1794 545 1830 et
564 1789 831 1844 margaritas,
854 1789 957 1830 vina
987 1791 1185 1832 nonnulli
1208 1791 1372 1833 Graeca
1399 1792 1653 1848 venalesque

48 1855 273 1905 Asiaticos,
296 1861 344 1896 ut
364 1854 679 1909 intelligeretur
699 1870 752 1896 ex
772 1854 984 1896 mercibus
1005 1855 1159 1910 quibus
1181 1871 1234 1897 ex
1254 1856 1357 1898 locis
1378 1857 1649 1913 navigarent.

48 1922 149 1964 Non
169 1922 443 1977 providerant
464 1936 532 1962 cas
553 1920 665 1975 ipsas
698 1920 779 1961 sibi
810 1935 954 1962 causas
989 1936 1077 1962 esse
1110 1922 1301 1976 periculi,
1335 1923 1488 1977 quibus
1521 1939 1651 1979 argu-

48 1988 204 2029 mentis
237 2003 280 2029 se
306 1987 360 2028 ad
395 1986 575 2028 salutem
610 1986 675 2026 uti
705 1985 1036 2028 arbitrabantur.
1099 1986 1188 2028 Istc
1221 1987 1332 2028 enim
1365 1988 1470 2029 haec
1504 2004 1573 2030 cos
1598 2005 1652 2030 ex

48 2053 285 2109 piratarum
318 2052 515 2094 societate
548 2051 721 2106 adeptos
756 2067 843 2093 esse
876 2052 1067 2093 dicebat:
1100 2052 1212 2107 ipsos
1245 2053 1290 2094 in
1321 2053 1549 2095 lautumias
1578 2055 1650 2096 ab·

49 2119 148 2160 duci
181 2117 442 2174 imperabat:
474 2131 604 2158 naves
635 2132 780 2158 eorum
811 2122 937 2172 atque
967 2132 1096 2159 onera
1126 2117 1358 2173 diligenter
1398 2120 1653 2161 asscrvanda

49 2184 256 2242 curabat]

48 2283 127 2314 t-asti
139 2282 147 2296 ’
164 2293 229 2313 was
244 2282 338 2312 made
355 2282 395 2323 by
413 2281 505 2312 those
521 2280 593 2311 who
608 2280 665 2311 did
687 2282 745 2312 not
761 2280 826 2311 like
871 2281 944 2311 who
959 2281 1118 2321 appeared
1134 2282 1336 2313 surrounded
1352 2283 1394 2324 by
1405 2283 1547 2323 burking
1562 2294 1652 2314 mon-

48 2330 58 2343 ‘
70 2336 137 2357 esse
153 2326 274 2356 duxisti
286 2326 294 2339 '
312 2325 398 2365 (Lib.
415 2327 445 2355 3.
463 2336 488 2354 e.
507 2324 573 2364 23).
870 2327 964 2360 stem,
989 2325 1082 2355 when
1102 2325 1158 2356 the
1180 2337 1284 2357 wnves
1304 2327 1485 2363 withdrew,
1505 2327 1569 2357 and
1589 2328 1652 2358 dis-

92 2370 144 2400 56.
162 2368 242 2409 illi,]
268 2369 336 2399 The
349 2371 442 2407 great
459 2367 590 2397 robbers
602 2367 639 2397 of
649 2367 825 2408 antiquity,
871 2368 986 2408 played
1002 2368 1059 2399 the
1075 2371 1238 2399 monster:
1264 2374 1284 2386 “
1301 2369 1359 2400 lllu
1379 2370 1455 2400 feris
1476 2373 1582 2400 nti-nm
1601 2382 1651 2401 eu-

49 2412 145 2448 Sinis,
163 2412 363 2447 Procrusteffi
380 2411 444 2441 and
460 2410 554 2440 othei·
571 2410 733 2441 worthies.
870 2411 965 2441 nibus
988 2412 1191 2451 succingitur
1212 2412 1355 2449 ulvnm,·''
1372 2413 1466 2449 Ovid,
1486 2413 1567 2444 Met.
1584 2414 1651 2444 xiii.

86 2454 336 2495 promontoria]
367 2459 374 2471 ⁸
388 2453 612 2494 promunturia
624 2453 632 2466 '
650 2453 679 2483 R
697 2453 757 2493 Lg.
774 2455 825 2485 29.
871 2454 954 2491 7323
978 2455 1042 2484 und
1060 2455 1192 2486 lauet-et.
1210 2466 1240 2486 v,
1257 2458 1331 2486 892.
1378 2456 1445 2487 The
1469 2457 1596 2487 honnus
1619 2458 1656 2487 of

48 2498 288 2528 —‘vectores:’
313 2502 321 2514 ‘
335 2497 545 2537 pussengersss
566 2507 599 2527 ns
621 2497 653 2527 in
672 2497 754 2527 Phil.
771 2498 825 2528 vii.
871 2497 989 2528 Verres
1027 2498 1108 2529 have
1139 2499 1228 2529 often
1262 2499 1343 2529 been
1382 2500 1569 2530 mentioned
1609 2501 1650 2540 by

49 2552 77 2572 e.
95 2542 125 2572 9.
870 2540 1047 2571 ciem-mnf
1059 2541 1303 2572 immanioribus
1316 2543 1334 2572 ε’
1356 2543 1395 2572 (le
1410 2543 1554 2573 Memmii
1567 2544 1650 2582 conj.

92 2595 155 2614 ozon
187 2583 367 2624 Dionysius
398 2582 471 2623 ille]
530 2583 649 2623 Zumpt-
679 2583 825 2614 observes
872 2584 917 2619 I„;
943 2585 1245 2615 ‘ininaioribus’lt
1273 2586 1364 2615 codd.
1393 2586 1525 2622 humb&
1550 2593 1556 2602 ⁸
1572 2587 1650 2615 mui-

48 2628 124 2658 that
148 2628 214 2658 this
237 2638 370 2667 passage
386 2627 412 2656 is
429 2625 549 2666 quoted
572 2626 612 2666 by
630 2626 823 2663 Quintilian,
869 2627 978 2657 oribus
993 2628 999 2637 “
1017 2629 1042 2657 (ἰ
1058 2631 1076 2657 3
1094 2628 1177 2658 dett.
1196 2628 1355 2668 (Im-dan.)

50 2671 132 2701 Inst.
150 2671 205 2701 Or.
223 2670 288 2700 viii.
305 2671 335 2699 (3.
352 2670 404 2705 72,
422 2680 456 2699 us
479 2679 519 2699 an
545 2669 689 2699 instance
712 2670 749 2699 of
767 2670 824 2711 hy-
917 2671 1069 2712 cyclops]
1120 2672 1252 2705 Homer,
1277 2671 1337 2700 (m.
1366 2671 1434 2700 Lib.
1460 2671 1650 2701 ix.—-‘obsi-

48 2714 188 2754 perbole,
206 2714 265 2744 hut
288 2713 314 2744 it
336 2713 361 2742 is
381 2712 502 2753 quoted
518 2712 598 2743 with
619 2723 705 2743 some
722 2713 824 2744 variu-
869 2714 967 2745 debat
981 2715 999 2744 ι’
1025 2721 1032 2731 “
1044 2715 1213 2745 obtinebat
1227 2715 1234 2723 “
1251 2714 1346 2749 dett„
1363 2714 1474 2744 Orelli.

47 2758 143 2788 tiens.
914 2757 1059 2799 Dianio]
1107 2758 1166 2788 See
1183 2757 1255 2788 Lib.
1273 2758 1302 2788 1.
1319 2768 1346 2788 c.
1363 2759 1415 2795 34,
1433 2757 1498 2789 und
1519 2758 1649 2795 Strabo,

90 2800 226 2831 canibus
255 2798 490 2840 succina-erac]
537 2798 605 2829 The
635 2799 723 2830 word
753 2810 824 2840 pro·
868 2811 900 2841 p.
917 2802 991 2832 159.

48 2844 138 2886 perly
151 2843 283 2885 applies,
299 2853 333 2874 as
350 2843 469 2883 Zumpt
485 2842 643 2880 obsel·VOS,
660 2846 694 2874 to
707 2842 825 2885 Scylla,
