1849 3167
579 163 703 205 ACT.
736 163 799 204 II.
831 162 1016 204 LIBER
1045 162 1289 205 PRIMUS.
1677 163 1730 206 91

143 294 261 335 posse
279 279 299 320 Ρ
358 277 462 324 Quis
490 277 569 320 hoc
599 294 685 320 non
713 277 913 333 perspicit
941 276 1155 332 praeclare
1184 275 1402 318 nobiscum
1433 281 1573 318 actum
1601 277 1668 327 iri,
1697 278 1732 319 si

144 345 322 400 populus
343 344 558 386 Romanus
578 344 699 386 istius
729 344 853 385 unius
877 343 1083 398 supplicio
1105 347 1327 383 contentus
1348 341 1476 382 fuerit
1498 358 1544 383 ac
1568 358 1653 384 non
1675 343 1733 384 sic

145 410 351 460 statuerit,
383 425 468 451 non
498 410 627 451 istum
656 409 791 465 majus
821 409 867 449 in
898 424 984 450 sese
1015 408 1148 449 scelus
1177 407 1426 462 concepisse,
1465 422 1595 461 quum
1636 407 1734 448 fana

145 476 348 531 spoliarit,
380 491 511 530 quum
531 481 594 517 tot
614 476 804 517 homines
824 475 1068 516 innocentes
1087 473 1262 522 necarit,
1285 488 1415 528 quum
1435 472 1546 513 cives
1580 473 1735 514 Roma-

143 556 220 582 nos
239 546 386 590 morte,
409 541 609 590 cruciatu,
632 556 752 582 cruce
772 540 969 590 affecerit,
993 555 1123 595 quum
1142 539 1402 594 praedonum
1422 538 1547 579 duces
1568 544 1735 593 accepta

144 607 323 661 pecunia
353 606 572 657 dimiserit,
605 622 732 662 quam
761 621 828 648 eos
850 606 885 647 si
905 605 979 661 qui
1010 605 1139 646 istum
1170 609 1246 654 tot,
1280 604 1424 653 tantis,
1446 608 1535 644 tam
1564 603 1737 644 nefariis

145 672 369 713 sceleribus
390 678 629 727 coopertum
644 672 778 728 jurati
798 671 1006 713 sententia
1027 686 1100 712 sua
1120 669 1375 711 liberarint?
1434 668 1534 710 Non
1555 673 1629 718 est,
1651 683 1734 709 non

146 742 208 779 est
228 738 274 778 in
294 738 372 779 hoc
394 738 563 779 homine
584 738 780 793 cuiquam
799 737 1002 792 peccandi
1021 737 1148 786 locus,
1167 735 1354 792 judices:
1385 749 1472 775 non
1492 733 1528 774 is
1550 740 1613 775 est
1629 749 1736 783 reus,

144 818 231 844 non
251 803 296 844 id
316 808 492 858 tempus,
515 818 601 844 non
621 803 666 844 id
685 803 920 853 consilium,
942 807 1084 844 metuo
1114 817 1168 843 ne
1198 801 1302 856 quid
1329 799 1596 855 arrogantius
1627 799 1737 854 apud

146 868 250 910 tales
269 869 381 910 viros
401 869 546 910 videar
566 869 717 919 dicere,
739 884 793 910 ne
813 873 929 910 actor
950 868 1120 924 quidem
1141 872 1203 909 est
1223 868 1258 909 is
1271 866 1339 908 cui
1351 881 1446 907 reus
1467 870 1556 906 tam
1570 879 1736 916 nocens,

145 940 235 976 tam
255 936 456 991 perditus,
479 940 567 976 tam
587 935 736 985 victus,
758 940 831 976 aut
852 934 1011 976 occulte
1027 933 1182 988 surripi
1198 938 1271 974 aut
1286 932 1459 987 impune
1475 930 1581 986 eripi
1594 931 1736 985 possit.

146 1001 228 1042 His
259 1017 337 1057 ego
362 1002 576 1058 judicibus
606 1017 691 1043 non
721 1002 905 1056 probabo
927 1000 972 1041 C.
995 1001 1174 1042 Verrem
1204 1004 1350 1040 contra
1379 997 1494 1052 leges
1515 997 1739 1052 pecuniam

147 1067 337 1122 cepisse?
387 1068 654 1109 sustinebunt
693 1067 798 1108 tales
838 1067 921 1108 viri
951 1083 993 1108 se
1022 1072 1087 1108 tot
1117 1064 1391 1113 senatoribus,
1423 1069 1487 1104 tot
1527 1063 1739 1117 equitibus

147 1131 362 1183 Romanis,
385 1138 448 1174 tot
470 1132 723 1182 civitatibus,
746 1137 810 1173 tot
830 1132 1070 1173 hominibus
1090 1129 1393 1172 honestissimis
1415 1144 1468 1169 ex
1482 1133 1571 1168 tam
1583 1127 1740 1169 illustri

146 1198 376 1253 provincia,
413 1203 477 1239 tot
515 1198 765 1253 populorum
800 1198 1144 1252 privatorumque
1183 1195 1318 1236 literis
1357 1209 1442 1235 non
1482 1193 1739 1234 credidisse?

147 1267 291 1304 tantae
320 1263 465 1318 populi
489 1263 672 1304 Romani
693 1263 904 1304 voluntati
925 1263 1126 1304 restitisse
1141 1262 1161 1303 Ρ
1222 1260 1478 1302 Sustineant.
1540 1259 1738 1314 Reperie-

146 1343 252 1377 mus,
274 1328 309 1369 si
330 1328 458 1369 istum
478 1329 624 1371 vivum
645 1329 698 1370 ad
719 1329 835 1370 aliud
851 1328 1060 1385 judicium
1080 1327 1307 1383 perducere
1327 1325 1570 1381 poterimus,
1589 1325 1740 1380 quibus

146 1393 370 1448 probemus
390 1394 519 1435 istum
538 1394 584 1435 in
605 1399 828 1449 quaestura
848 1394 1070 1449 pecuniam
1098 1393 1311 1448 publicam
1339 1390 1414 1432 Cn.
1439 1390 1621 1431 Carboni
1642 1406 1738 1432 con-

148 1458 229 1499 suli
249 1459 390 1499 datam
412 1459 623 1511 avertisse,
657 1460 808 1515 quibus
843 1460 1166 1515 persuadeamus
1198 1458 1327 1499 istum
1359 1457 1495 1498 alieno
1526 1456 1696 1498 nomine
1717 1472 1741 1498 a

148 1524 436 1579 quaestoribus
475 1525 661 1574 urbanis,
703 1526 816 1581 quod
854 1525 995 1580 priore
1035 1524 1200 1566 actione
1246 1522 1467 1571 didicistis,
1517 1522 1741 1577 pectuiiam

149 1589 381 1631 abstulisse.
431 1590 571 1632 Erunt
592 1590 666 1646 qui
686 1596 729 1632 et
748 1591 794 1632 in
815 1606 862 1632 eo
883 1606 1048 1646 quoque
1069 1589 1288 1631 audaciam
1309 1589 1398 1645 ejus
1414 1588 1738 1643 reprehendant,

149 1655 262 1711 quod
291 1655 451 1711 aliquot
480 1656 722 1699 nominibus
752 1657 804 1698 de
834 1657 971 1712 eapite
991 1662 1199 1711 quantum
1219 1655 1484 1696 commodiun
1505 1653 1632 1694 fuerit
1653 1653 1741 1694 fru-

148 1720 283 1762 menti
321 1721 545 1763 decumani
584 1722 828 1764 detraxerit.
889 1722 1031 1763 Erunt
1070 1721 1198 1762 etiam
1238 1719 1424 1769 fortasse,
1460 1719 1636 1774 judices,
1668 1718 1741 1774 qui

195 1868 225 1898 4.
247 1868 283 1898 in
298 1868 355 1899 hoc
376 1868 517 1909 homine]
537 1868 592 1898 ‘in
615 1868 681 1899 this
696 1868 799 1899 man's
815 1878 907 1905 case,
900 1868 921 1887 ·'

152 1911 243 1941 like‘
255 1911 281 1941 si
296 1912 345 1941 f01
347 1914 395 1942 tes
411 1912 538 1942 fueritis
553 1911 585 1941 in
602 1922 649 1948 eo,
652 1912 660 1924 ³
677 1922 704 1941 e.
721 1913 751 1942 1.

195 1956 264 1984 tam
287 1955 399 1991 vic-lm,
403 1954 416 1995 l
464 1954 631 1985 “Emend·
632 1954 743 1985 mdum
766 1956 815 1985 est
839 1956 925 1984 ‘tam

154 1998 342 2035 conmotus
359 2001 396 2029 ut
412 1998 517 2028 locum
533 1999 628 2028 affert
650 1998 761 2028 rhetor
783 1998 926 2028 incertus

152 2041 187 2071 in
209 2041 383 2071 Aneedotis
410 2041 563 2071 Parisinis
585 2041 706 2071 rhetol.
732 2051 763 2080 p.
788 2042 818 2077 3,
845 2051 926 2081 quae

153 2095 256 2125 nuper
272 2084 465 2115 Evkstenius
480 2084 689 2124 publicavit’'
707 2064 845 2125 (Halni).

197 2130 313 2158 eontra
344 2128 426 2167 Ieyes
452 2128 625 2167 pecuniam
648 2127 769 2167 cepisse
781 2126 810 2168 3]
859 2127 926 2157 The

154 2171 284 2212 general
311 2171 490 2211 expression
514 2171 550 2200 of
569 2170 686 2209 takinw
712 2181 826 2211 money
853 2181 925 2200 con-

155 2217 247 2255 trary
277 2216 313 2245 to
344 2215 387 2255 (p
388 2214 462 2245 nti(
457 2214 504 2244 ul
499 2214 547 2254 1r)
580 2214 653 2243 l(
624 2213 708 2253 ges
738 2216 826 2244 must
850 2213 926 2244 here

154 2268 249 2288 mean
265 2258 343 2288 such
360 2269 379 2288 a
401 2257 517 2296 taking
540 2257 577 2287 of
595 2267 709 2297 moxny
733 2267 766 2287 as
782 2267 846 2287 was
869 2257 926 2287 the

155 2301 283 2341 ground
298 2301 335 2331 of
350 2312 369 2331 a
384 2300 587 2349 piosrcution
609 2300 683 2330 for‘
695 2300 925 2340 Repetundue)

157 2343 313 2384 Compare
337 2344 393 2374 the
416 2354 526 2384 pass-,ib
517 2354 547 2373 re
571 2343 603 2373 ἰιι
626 2343 682 2374 th(
708 2343 833 2374 oration
861 2343 924 2373 l’ro

157 2387 204 2418 M.
236 2388 366 2424 Scauro,
397 2397 423 2417 c.
455 2388 506 2423 21,
538 2386 720 2416 “adv-<1:11³
753 2386 838 2425 leges
871 2397 923 2426 pc-

158 2430 325 2461 euniarum
357 2433 523 2470 capturum
555 2440 644 2459 renni
671 2429 748 2460 fecit
773 2432 924 2469 repetun-

157 2473 271 2504 darum
288 2473 357 2513 lege
373 2484 467 2513 quum
485 2472 563 2503 tulit
586 2472 738 2503 sci-vilius
761 2473 926 2503 Glaucia.”

159 2516 199 2546 In
215 2516 280 2546 this
295 2527 427 2556 passage
444 2521 451 2533 ‘
464 2515 631 2556 pecuniam
645 2515 652 2528 ’
669 2516 695 2546 is
717 2516 773 2546 the
793 2516 927 2556 reading

158 2559 195 2590 of
217 2559 298 2589 G12
325 2560 375 2597 Lg
402 2560 442 2592 27

158 2602 215 2632 the
245 2602 308 2633 dtt·

159 2645 288 2680 Sallust.
312 2645 390 2685 Jug.
414 2647 466 2682 32,
490 2645 598 2676 writes
621 2646 790 2686 ‘pecuniae
813 2648 926 2686 captae

157 2688 381 2719 arcessebant.’

202 2731 246 2761 ad
263 2731 355 2761 aliud
368 2730 548 2772 judic-ium]

354 2603 421 2633 The
448 2602 587 2632 Romans
611 2602 688 2632 used
711 2602 790 2633 both
816 2603 924 2633 forms.

595 2731 728 2772 ‘Populi
749 2732 871 2763 scilicet
893 2734 927 2763 et

158 2775 305 2815 equitum
331 2774 569 2810 Romamorum,'
585 2785 656 2815 says
679 2775 843 2811 Asconius,
866 2775 927 2806 but

158 2818 198 2848 he
211 2818 236 2847 is
247 2817 417 2848 mistaken.
462 2817 572 2848 Cicero
588 2818 753 2849 thrcatcns
768 2819 834 2849 him
848 2819 927 2850 with

159 2872 179 2891 a
201 2860 402 2901 prosecution
426 2861 475 2890 for
499 2861 707 2901 (μουιιΙιιῒιις,1
731 2862 779 2892 for
801 2862 927 2893 misem-

158 2904 291 2945 ploying
313 2904 420 2944 public
443 2914 568 2945 money,
583 2915 617 2935 us
633 2905 688 2936 the
703 2905 806 2935 words
821 2907 856 2936 at
871 2905 928 2937 tho

480 2561 540 2595 295
575 2559 639 2589 und
670 2559 858 2599 ‘pecunias’
894 2560 931 2590 of

966 1867 1146 1907 beginning
1168 1867 1205 1897 of
1223 1867 1279 1897 the
1302 1868 1380 1896 next
1403 1866 1538 1905 chaptel
1557 1865 1655 1901 show,
1676 1866 1741 1896 and

968 1911 1024 1942 the
1040 1911 1168 1941 words‘
1179 1910 1269 1940 illuni
1286 1910 1353 1950 (ju.
1368 1909 1668 1950 pec-ulit1nn‚'11e·.·n
1684 1909 1741 1940 the

970 1954 1032 1985 end
1047 1954 1083 1983 of
1094 1954 1159 1984 this
1175 1954 1222 1983 cli·
1225 1956 1318 1993 iliter.

1013 1997 1119 2027 alieno
1137 1996 1275 2036 nominc]
1322 1995 1477 2026 Asconius
1492 1995 1602 2025 make.
1588 2006 1630 2025 a
1647 2006 1741 2035 guess

969 2040 1044 2071 that
1061 2046 1068 2057 ⁸
1081 2040 1184 2070 alieno
1200 2039 1326 2070 nomine
1340 2039 1347 2051 '
1360 2049 1468 2069 means
1484 2039 1515 2068 in
1533 2039 1588 2069 the
1605 2049 1697 2069 name
1709 2040 1745 2069 of

972 2084 1076 2114 Carbo
1098 2094 1133 2114 or
1156 2083 1205 2113 his
1228 2093 1338 2123 army3
1362 2082 1425 2112 and
1448 2082 1594 2117 another,
1611 2082 1683 2112 that
1701 2082 1741 2112 he

971 2130 1028 2166 got
1044 2127 1100 2157 the
1123 2137 1236 2166 money
1255 2130 1288 2156 to
1309 2126 1372 2166 hu)v
1390 2136 1465 2155 corn
1489 2125 1521 2155 in
1545 2125 1653 2166 Sicily,
1677 2126 1741 2156 und

970 2170 1026 2200 did
1049 2172 1106 2200 not
1129 2180 1190 2210 puy
1214 2171 1262 2199 sor
1285 2169 1333 2205 it;
1357 2169 1461 2199 which
1485 2172 1602 2199 cannot
1625 2169 1664 2200 be
1685 2169 1741 2200 the

970 2213 1121 2252 meaning
1137 2213 1169 2243 in
1186 2213 1250 2243 this
1266 2223 1407 2252 passage.

1014 2257 1167 2296 ‘Aliquot
1190 2255 1392 2286 nominihus'
1415 2265 1525 2285 means
1547 2255 1650 2285 under
1673 2265 1739 2286 cer-

970 2300 1039 2331 tain
1070 2300 1167 2330 heads
1193 2310 1228 2329 or
1253 2299 1393 2334 entries;
1420 2309 1453 2328 as
1479 2298 1512 2328 in
1539 2310 1566 2328 e.
1591 2300 1642 2334 38,
1671 2299 1741 2329 ‘his

968 2343 1150 2373 nominibus
1173 2342 1266 2378 solis,'
1291 2343 1346 2373 ἂν.
1391 2342 1502 2372 Cicero
1530 2342 1592 2382 (De
1618 2343 1690 2372 Am.
1714 2354 1740 2372 c.

968 2387 1035 2425 25),
1046 2397 1127 2427 says,
1141 2390 1161 2402 “
1174 2386 1285 2416 multis
1297 2385 1478 2416 nominibus
1493 2387 1542 2416 est
1554 2385 1614 2415 hoe
1624 2385 1739 2416 vitium

968 2429 1180 2465 notundnm‚”
1197 2430 1252 2460 ἃς.

1013 2473 1052 2503 (Ie
1088 2472 1394 2513 eapitevfi-umenti
1424 2470 1608 2512 decumani]
1655 2471 1741 2502 Thnt.

970 2516 1007 2553 iS‚
1031 2517 1070 2547 he
1093 2516 1247 2547 remitted
1270 2526 1303 2546 us
1326 2515 1422 2545 much
1442 2526 1475 2545 ns
1498 2515 1538 2545 he
1561 2515 1687 2555 plen-sed
1709 2518 1739 2545 oi

970 2560 1026 2590 the
1048 2560 1267 2590 ‘frumentum
1291 2558 1527 2594 decumanum?
1550 2558 1654 2588 which
1678 2569 1741 2588 was

968 2603 1030 2634 duc
1046 2606 1080 2633 to
1096 2603 1152 2633 the
1171 2603 1293 2632 Roman
1310 2602 1429 2642 people.

1012 2648 1164 2686 quantum
1177 2643 1502 2685 eom›noclunzj'uffl-il]
1541 2643 1618 2674 This
1633 2654 1741 2674 meanis

971 2692 1149 2730 ‘qnantum
1175 2688 1328 2724 libum-it,
1357 2688 1441 2728 ‘just
1466 2698 1500 2718 us
1522 2697 1596 2717 mu(
1591 2687 1618 2717 h
1643 2698 1677 2716 ns
1701 2687 1740 2717 he

969 2733 1055 2782 plez-is
1042 2733 1126 2769 ed;’
1150 2743 1183 2762 ns
1199 2732 1231 2762 in
1248 2733 1321 2762 Aut
1332 2731 1364 2761 ii.
1383 2731 1476 2761 Lib.
1469 2732 1498 2761 2.
1509 2742 1536 2760 (¹.
1551 2732 1601 2763 13.
1626 2731 1740 2770 “quod

972 2775 1206 2807 οἰιίειῃιιιιιιίγυ
1216 2787 1254 2814 uf„
1247 2778 1338 2809 wint,
1345 2778 1485 2804 autenm
1493 2773 1634 2813 judicem
1646 2784 1738 2812 quem

971 2819 1173 2849 commodum
1210 2821 1291 2853 (rut,
1329 2818 1358 2847 h
1361 2828 1388 2847 ιι
1391 2828 1426 2847 ιι
1421 2817 1543 2857 υἷι-(ιιι,
1580 2816 1738 2846 medicum

971 2873 1063 2892 suuni
1087 2862 1207 2896 dabat:
1237 2860 1328 2895 nut,''
1355 2862 1430 2896 &eq
1455 2860 1559 2890 where.
1586 2859 1740 2889 Amnius

971 2908 1084 2946 quotes
1099 2905 1249 2941 Terence,
1266 2904 1400 2944 Adelph.
1419 2905 1447 2940 1,
1464 2905 1494 2940 2,
1506 2905 1558 2939 38,
1580 2907 1600 2920 “
1612 2903 1710 2933 Amat
1724 2903 1738 2933 i’
