1849 3167
159 166 245 208 206
764 165 832 208 IN
864 164 909 206 O.
943 162 1199 206 VERREM

157 279 333 320 moleste
355 278 446 329 tuli,
469 294 552 334 quo
572 279 759 334 reliquae
779 283 843 320 tot
863 283 905 319 et
927 282 1072 319 tantae
1093 281 1135 317 et
1155 279 1244 317 tam
1267 290 1417 331 graves
1437 275 1642 326 civitates,
1666 280 1754 317 tota

157 345 340 400 denique
371 344 515 386 Sicilia
545 345 640 399 plus
671 343 934 386 auctoritatis
965 342 1077 396 apud
1098 356 1172 383 vos
1192 341 1380 390 haberet,
1403 356 1535 395 quum
1554 341 1755 382 videretis

156 410 275 451 nulla
305 410 349 450 vi
378 409 566 459 retineri,
590 410 707 450 nullo
739 408 926 464 periculo
952 407 1170 462 prohiberi
1196 406 1381 461 potuisse
1409 421 1491 460 quo
1512 406 1652 447 minus
1681 422 1752 447 ex-

156 475 398 529 perirentur
428 475 580 530 ecquid
601 476 713 530 apud.
734 490 806 515 vos
835 473 1123 528 querimoniae
1144 472 1335 513 valerent
1365 471 1756 526 antiquissimorum

156 539 579 594 fidelissimorumque
608 540 826 580 sociorum.
889 538 1014 587 Nam,
1048 538 1160 592 quod
1190 537 1364 577 fortasse
1394 551 1480 577 non
1509 551 1633 576 nemo
1663 551 1753 577 ves-

155 611 270 648 trum
291 607 485 656 audierit,
509 607 638 647 istum
659 621 682 646 a
699 604 974 660 Syracusanis
990 603 1158 659 publice
1173 601 1352 652 laudari,
1366 602 1411 642 id
1432 601 1600 643 tametsi
1615 601 1756 656 priore

155 672 320 713 actione
345 687 398 713 ex
428 670 619 712 Heraclii
650 669 905 724 Syracusani
935 668 1178 710 testimonio
1199 667 1434 723 cujusmodi
1464 672 1572 708 esset
1602 681 1755 721 cogno-

153 737 284 786 vistis,
316 742 458 778 tamcn
490 735 607 777 vobis
638 735 719 776 alio
750 735 840 776 loco
871 739 919 775 ut
950 750 992 776 se
1023 739 1112 775 tota
1142 748 1208 774 res
1238 733 1392 774 habeat
1433 733 1546 787 quod
1576 732 1630 773 ad
1660 728 1753 772 eam

155 801 372 843 civitatem
403 800 557 841 attinet
590 799 961 841 demonstrabitur.
1023 797 1284 853 Intelligetis
1317 797 1431 838 enim
1462 797 1591 838 nullis
1617 796 1753 838 homi-

153 867 278 907 nibus
299 880 556 921 quemquam
576 870 698 907 tanto
730 865 826 907 odio
860 869 1020 920 quanto
1051 864 1182 905 istum
1214 862 1488 919 Syracusanis
1520 867 1562 904 et
1594 877 1681 903 esse
1713 866 1756 902 et

153 932 292 972 fuisse.

209 995 289 1037 VI.
321 994 382 1036 At
403 994 517 1036 enim
537 995 667 1037 istum
689 993 820 1036 Siculi
847 994 925 1035 soli
955 997 1291 1049 persequimtur3
1323 991 1435 1034 cives
1464 991 1649 1033 Romani
1681 991 1756 1046 qui

151 1061 198 1103 in
237 1061 381 1103 Sicilia
419 1061 694 1116 negotiantur
729 1060 977 1109 defendunt,
1011 1060 1213 1115 diligunt,
1246 1059 1411 1100 salvum
1441 1074 1527 1100 esse
1563 1058 1753 1112 cupiunt.

150 1127 358 1176 Primum,
391 1126 426 1168 si
456 1126 516 1167 ita
547 1132 667 1176 esset,
709 1131 853 1167 tamen
893 1141 967 1168 vos
997 1125 1043 1166 in
1072 1125 1152 1166 hac
1192 1124 1435 1180 quaestione
1475 1124 1526 1165 de
1565 1123 1756 1178 pecuniis

151 1192 407 1247 repetundis,
440 1207 547 1247 quae
588 1192 796 1233 sociorum
835 1207 960 1233 causa
999 1190 1230 1232 constituta
1265 1194 1340 1239 est,
1381 1189 1476 1245 lege
1511 1188 1756 1245 judicioque

151 1257 294 1298 sociali
335 1257 543 1298 sociorum
587 1257 870 1311 querimonias
911 1257 1057 1298 audire
1090 1261 1312 1312 oporteret.
1394 1255 1477 1296 Sed
1515 1254 1755 1309 intelligere

150 1322 346 1377 potuistis
376 1322 515 1377 priore
557 1323 721 1364 actione
757 1315 871 1364 cives
909 1322 1123 1363 Romanos
1162 1320 1478 1362 honestissimos
1518 1335 1572 1360 ex
1611 1319 1756 1360 Sicilia

150 1387 354 1442 plurimos
389 1386 587 1428 maximis
617 1388 669 1428 de
699 1388 823 1428 rebus
854 1392 896 1428 et
926 1402 1031 1442 quas
1072 1386 1154 1441 ipsi
1195 1385 1452 1440 accepissent
1493 1383 1672 1439 injurias
1712 1389 1755 1425 et

151 1468 254 1507 quas
276 1452 431 1493 scirent
452 1452 546 1493 aliis
567 1468 653 1493 esse
675 1451 807 1494 factas
828 1467 905 1507 pro
925 1451 1168 1493 testimonio
1198 1450 1348 1491 dicere.
1409 1450 1503 1504 Ego
1533 1449 1612 1490 hoc
1643 1450 1755 1503 quod

150 1517 360 1572 intelligo,
379 1516 556 1572 judices,
580 1517 638 1558 sic
659 1517 873 1558 confirmo.
934 1517 1095 1558 Videor
1115 1515 1223 1557 mihi
1245 1521 1416 1571 gratum
1437 1514 1584 1556 fecisse
1601 1514 1754 1555 Siculis

150 1583 263 1637 quod
294 1597 440 1623 eorum
470 1582 648 1637 injurias
679 1598 772 1624 meo
804 1583 961 1632 labore,
994 1581 1242 1631 inimicitiis,
1276 1581 1463 1636 periculo
1490 1596 1583 1621 smn
1613 1595 1752 1635 perse-

149 1653 297 1688 cutus:
329 1662 414 1688 non
435 1647 577 1688 minus
597 1648 677 1689 hoc
703 1653 875 1703 gratum
894 1663 962 1688 me
982 1647 1137 1689 nostris
1170 1647 1331 1688 civibus
1363 1646 1559 1701 intelligo
1592 1645 1751 1694 fecisse,

150 1712 223 1767 qui
244 1712 322 1752 hoc
344 1711 604 1762 existimant,
622 1712 744 1767 juris,
767 1712 988 1762 libertatis,
1021 1727 1164 1753 rerum
1195 1711 1549 1766 fortunarumque
1579 1726 1753 1752 suarum

149 1777 329 1818 salutem
349 1777 394 1818 in
415 1777 536 1819 istius
557 1778 827 1819 damnatione
848 1778 1086 1819 consistere.
1140 1777 1408 1832 Quapropter
1428 1778 1479 1818 de
1500 1777 1621 1818 istius
1633 1793 1753 1832 prae-

148 1848 245 1883 tura
266 1842 476 1884 Siciliensi
496 1858 582 1884 non
603 1858 747 1884 recuso
768 1843 872 1898 quin
894 1844 955 1885 ita
974 1859 1043 1885 me
1064 1843 1245 1885 audiatis
1266 1848 1326 1892 ut,
1345 1842 1381 1884 si
1394 1843 1591 1898 cuiquam
1607 1843 1755 1899 generi

149 1907 371 1949 hominum
392 1907 480 1949 sive
501 1908 739 1950 Siculorum
759 1909 847 1950 sive
879 1914 1121 1950 nostrorum
1142 1908 1311 1958 civium,
1335 1908 1370 1949 si
1386 1908 1585 1963 cuiquam
1614 1908 1755 1949 ordini

150 1973 237 2014 sive
267 1978 483 2014 aratorum
515 1974 602 2016 sive
631 1974 927 2030 pecuariorum
957 1974 1044 2017 sive
1073 1979 1357 2016 mercatorum
1385 1975 1587 2029 probatus
1617 1974 1685 2024 sit,
1717 1973 1753 2016 si

149 2053 236 2079 non
255 2039 408 2079 horum
429 2039 619 2080 omnium
640 2040 873 2081 communis
894 2040 1027 2081 hostis
1047 2041 1286 2095 praedoque
1316 2040 1457 2090 fuerit,
1490 2039 1525 2081 si
1555 2039 1753 2095 cuiquam

151 2103 332 2158 denique
361 2104 450 2146 ulla
479 2104 525 2146 in
554 2121 600 2147 re
629 2121 818 2160 unquam
848 2105 1160 2160 temperaverit,
1182 2110 1231 2146 ut
1250 2121 1324 2148 vos
1345 2121 1512 2161 quoque
1533 2105 1572 2147 ei
1591 2110 1751 2160 tempe-

151 2168 265 2209 retis.

154 2252 163 2265 ‘
175 2249 253 2279 haec
269 2259 329 2279 usu
344 2251 484 2280 ventura
498 2253 704 2291 praeceperat
714 2251 723 2264 '
749 2250 801 2292 (B.
819 2251 858 2282 G.
874 2251 929 2281 vii.

153 2293 184 2327 9,
201 2292 268 2332 80),
286 2292 350 2322 and
365 2292 541 2330 Terence'S,
555 2295 686 2325 Phorm.
702 2295 723 2324 i.
740 2296 770 2325 2.
787 2296 830 2325 24
838 2307 848 2332 3
865 2294 931 2324 also

154 2334 275 2370 Cicero,
293 2335 341 2365 De
358 2335 430 2365 Seu.
448 2346 474 2366 c.
491 2338 521 2366 3.

199 2378 229 2407 6.
253 2378 282 2407 si
306 2378 455 2417 cuiquam
479 2379 606 2420 ordini]
652 2380 706 2410 All
730 2380 787 2410 the
809 2380 929 2411 known

155 2420 251 2450 MSS.
277 2420 359 2450 have
383 2421 467 2452 ‘sive
491 2423 663 2462 cuiquam‚’
683 2423 789 2453 which
813 2424 839 2453 is
862 2434 930 2454 cer-

155 2463 260 2503 tainly
276 2473 317 2493 an
334 2473 423 2494 error
440 2465 477 2494 of
489 2465 545 2495 the
562 2466 713 2506 copyistS.

199 2506 387 2547 aratorum]
436 2507 547 2538 Cicero
563 2509 639 2539 here
656 2511 860 2539 enumeratas
874 2509 931 2539 the

155 2549 305 2579 different
329 2549 442 2579 classes
465 2551 501 2580 of
518 2561 649 2590 persons
672 2552 706 2581 in
730 2552 827 2592 Sicily
839 2564 849 2588 ς
873 2552 931 2582 the

156 2596 165 2609 ‘
176 2592 384 2628 aratoresssor
391 2593 591 2630 cultivators,
600 2595 664 2624 and
675 2595 732 2624 the
746 2594 926 2634 ‘pecuarii‚'

156 2645 192 2665 or
207 2635 299 2665 those
316 2635 388 2665 who
403 2637 558 2675 pastui-ed
580 2637 667 2667 their
688 2638 789 2667 cattle
805 2648 846 2667 on
869 2637 926 2667 the

155 2678 264 2717 public
280 2678 382 2714 lands,
399 2679 449 2708 for
464 2679 571 2709 which
587 2680 665 2720 they
682 2680 757 2719 paid
773 2691 792 2710 a
807 2690 878 2710 sum
895 2680 932 2710 of

155 2731 271 2760 money
295 2721 397 2751 called
420 2722 621 2761 ‘scriptura'
668 2722 720 2752 He
743 2723 824 2753 then
847 2723 926 2752 adds

155 2763 212 2793 the
230 2764 465 2801 ‘increatores,'
481 2775 516 2795 or
532 2765 623 2795 those
639 2765 711 2795 who
722 2768 810 2795 went
825 2766 925 2795 about

156 2805 236 2836 with
257 2806 343 2836 their
364 2807 472 2846 goods,
490 2808 553 2837 and
574 2808 744 2838 trafficked
766 2808 848 2838 with
870 2808 928 2838 the

155 2848 281 2878 natives
309 2848 449 2888 (Caesar,
476 2851 514 2880 B.
541 2851 579 2881 G.
607 2851 649 2881 iv.
677 2851 722 2891 3).
780 2851 848 2881 But
879 2851 929 2880 his

156 2892 378 2921 enumeraticn
396 2893 422 2922 is
438 2893 630 2934 incompleta
647 2893 676 2923 if
686 2894 743 2924 the
761 2897 769 2910 ‘
781 2894 927 2933 nogotia·

975 2251 1081 2282 tores'
1113 2261 1167 2282 are
1197 2251 1346 2287 omitted,
1377 2251 1434 2282 the
1466 2251 1594 2282 Roman
1619 2261 1750 2292 money-

975 2295 1113 2331 lenders,
1123 2295 1273 2330 bankers,
1284 2294 1349 2324 and
1363 2295 1550 2325 merchants
1566 2305 1608 2324 on
1624 2305 1643 2324 a
1658 2294 1749 2334 large

976 2337 1069 2368 scale.
1116 2337 1272 2367 Garatoni
1288 2337 1495 2377 accordingly
1511 2337 1621 2368 makes
1637 2348 1656 2367 a
1671 2347 1750 2378 very

979 2380 1132 2420 probable
1155 2380 1339 2420 conjecture
1362 2380 1437 2410 that
1460 2381 1517 2411 the
1540 2380 1644 2410 words
1666 2380 1751 2410 ‘sive

975 2423 1219 2463 negotiatorum
1232 2423 1240 2435 ’
1265 2423 1347 2453 have
1368 2423 1450 2453 been
1471 2423 1610 2454 omitted
1633 2423 1675 2464 by
1691 2423 1749 2454 the

976 2466 1127 2505 copyists.
1173 2465 1330 2506 Compare
1347 2476 1373 2496 c.
1391 2466 1443 2498 77.

1019 2509 1086 2539 The
1110 2509 1286 2548 repetition
1309 2509 1346 2539 of
1364 2509 1421 2539 the
1449 2509 1526 2540 ‘ut’
1549 2509 1584 2540 in
1608 2511 1666 2539 ‘ut
1692 2519 1749 2540 vos

976 2562 1102 2591 quoque
1115 2552 1143 2582 ci
1158 2552 1368 2592 temperetiS,'
1381 2552 1466 2582 after
1477 2563 1574 2593 many
1587 2552 1692 2582 words
1701 2552 1749 2582 in-

971 2595 1131 2634 terposed,
1145 2595 1171 2624 is
1188 2605 1345 2625 common.
1392 2595 1511 2636 Zumpt
1528 2596 1608 2626 cites
1624 2595 1746 2625 several

972 2637 1142 2677 examples.
1198 2638 1239 2668 In
1270 2638 1341 2668 Lib.
1374 2639 1403 2668 2.
1436 2649 1463 2669 c.
1491 2638 1543 2674 37,
1574 2642 1582 2655 ‘
1595 2638 1749 2668 Sthenius

971 2680 1116 2719 postulat
1139 2683 1177 2711 ut
1195 2704 1202 2711 .
1220 2704 1227 2711 .
1245 2704 1252 2711 .
1269 2681 1330 2717 ut,'
1351 2681 1406 2711 &c.
1453 2682 1494 2711 In
1511 2681 1582 2711 Lib.
1600 2682 1630 2711 4.
1648 2691 1674 2710 e.
1692 2682 1745 2717 23,

973 2727 981 2739 ‘
994 2723 1022 2753 ei
1038 2724 1207 2763 negotium
1223 2724 1314 2754 dedit
1335 2726 1374 2754 ut
1391 2747 1398 2754 .
1417 2747 1424 2754 .
1442 2747 1449 2754 .
1465 2724 1526 2760 ut,’
1543 2724 1598 2754 «Sne.
1645 2723 1748 2754 There

974 2765 1000 2795 is
1024 2776 1065 2796 an
1088 2767 1232 2807 example
1255 2767 1339 2797 from
1362 2777 1422 2797 one
1445 2768 1482 2797 of
1501 2767 1640 2798 Cicero’s
1664 2766 1748 2796 later

973 2809 1133 2849 witings,
1158 2810 1209 2840 Ad
1233 2809 1272 2847 Q.
1297 2810 1352 2840 Fr.
1376 2810 1396 2840 i.
1422 2811 1452 2840 1.
1477 2820 1504 2841 c.
1530 2811 1581 2847 13,
1610 2809 1685 2840 ‘sed
1714 2811 1749 2840 te

972 2851 1054 2882 illud
1070 2852 1224 2883 admoneo
1240 2855 1279 2883 ut
1296 2876 1303 2883 .
1321 2875 1328 2883 .
1346 2875 1353 2883 .
1370 2853 1431 2888 ut,'
1449 2853 1504 2884 ἃς.
