1849 3167
134 121 220 162 256
721 121 790 165 IN
822 121 867 164 O.
900 121 1155 165 VERREM

133 234 268 276 mium
288 235 550 290 poneretur?
579 240 725 277 utrum
745 237 824 278 hoe
845 236 1017 292 signum
1037 235 1283 291 cupiditatis
1302 240 1400 278 tuae
1430 253 1485 279 an
1515 242 1736 293 tropaeum

133 301 455 343 necessitudinis
495 306 621 357 atque
660 302 835 356 hospitii
875 317 929 342 an
970 302 1124 342 amoris
1163 301 1370 343 indicium
1404 318 1490 345 esse
1529 304 1736 346 voluisti?

133 365 318 407 Faciunt
338 367 417 408 hoc
437 367 629 410 homines
650 383 753 423 quos
774 368 820 408 in
841 382 1005 408 summa
1025 367 1217 422 nequitia
1244 383 1332 409 non
1363 369 1498 410 solum
1530 370 1662 411 libido
1694 375 1736 411 et

132 431 327 486 voluptas
348 447 496 474 verum
518 433 646 474 etiam
676 433 808 488 ipsius
837 432 1055 487 nequitiae
1084 433 1198 474 fama
1228 433 1422 484 delectat,
1445 441 1493 476 ut
1513 436 1659 477 multis
1689 436 1736 477 in

130 496 233 538 10015
254 502 374 538 notas
395 513 442 539 ac
464 498 645 553 vestigia
666 513 836 539 suorum
857 497 1121 552 flagitiorum
1142 498 1328 554 relinqui
1343 499 1490 541 velint.
1541 500 1736 542 Ardebat

131 577 272 604 amore
293 563 407 604 illius
428 563 618 618 hospitae
639 568 811 617 propter
832 578 961 618 quam
982 563 1157 618 hospitii
1172 564 1272 619 jura
1292 565 1483 606 violarat.
1535 566 1630 607 Hoc
1647 582 1735 607 non

130 628 266 669 50111111
286 628 385 669 50111
414 633 508 670 tum
528 644 675 669 verum
697 628 826 669 etiam
847 629 1165 670 commemorari
1180 645 1344 684 semper
1359 630 1537 672 volebat.
1580 631 1735 686 Itaque
1774 684 1777 688 .

130 708 184 734 ex
203 693 277 734 illa
298 693 389 748 ipsa
410 708 455 734 re
476 708 605 748 quam
637 698 860 735 accusante
887 693 1111 749 Agathino
1145 700 1344 750 gesserat,
1378 695 1538 737 Veneri
1569 697 1735 751 potissi-

127 773 245 800 mum
267 759 410 800 deberi
430 758 667 813 praemium
687 759 848 809 statuit,
872 775 979 815 quae
999 760 1119 801 illam
1139 765 1273 802 totam
1293 761 1600 802 accusationem
1616 762 1731 817 judi-

128 824 323 879 ciumque
359 824 575 865 conflarat.
648 824 853 866 Putarem
888 830 930 866 te
967 831 1138 880 gratum
1172 825 1219 866 in
1251 826 1361 876 deos,
1396 826 1431 867 si
1463 827 1542 868 hoc
1574 828 1735 868 donum

126 889 287 931 Veneri
306 905 393 931 non
414 891 465 931 de
487 890 655 931 Sthenii
675 890 797 931 bonis
818 891 1002 932 dedisses
1024 892 1097 932 sed
1128 891 1179 932 de
1209 890 1320 941 tuis;
1352 892 1464 946 quod
1495 892 1631 933 facere
1662 893 1733 933 de-

124 955 268 1004 buisti,
304 955 555 1010 praesertim
586 970 719 1010 quum
751 955 832 996 tibi
859 955 934 997 illo
962 956 1053 1011 ipso
1086 972 1198 998 anno
1230 972 1255 998 a
1286 956 1518 998 Chelidone
1548 957 1733 999 venisset

124 1020 349 1061 hereditas.
414 1020 500 1061 Hic
521 1036 600 1076 ego
622 1020 657 1062 si
678 1021 787 1062 hanc
809 1036 979 1063 causam
998 1037 1085 1063 non
1106 1022 1298 1063 omnium
1318 1021 1557 1064 Siculorum
1577 1028 1733 1078 rogatu

124 1087 385 1141 recepissem,
409 1087 445 1128 si
465 1087 544 1128 hoc
566 1102 590 1128 a
610 1102 677 1128 me
699 1087 887 1128 muneris
907 1102 995 1128 non
1015 1087 1213 1129 universa
1228 1087 1447 1142 provincia
1463 1088 1730 1143 poposcisset,

123 1151 160 1192 si
179 1167 247 1193 me
268 1152 434 1193 animus
466 1157 594 1207 atque
628 1168 745 1194 amor
766 1153 812 1193 in
833 1168 923 1194 rem
954 1153 1170 1208 publicam
1200 1153 1542 1208 existimatioque
1574 1153 1732 1195 offensa

122 1217 259 1258 nostri
279 1218 439 1259 ordinis
460 1233 508 1259 ac
524 1218 784 1273 judiciorum
804 1233 890 1259 non
910 1218 990 1260 hoc
1006 1218 1143 1260 facere
1165 1219 1370 1274 coegisset
1391 1224 1517 1274 atque
1529 1219 1633 1260 haec
1646 1234 1733 1260 una

122 1298 247 1324 causa
267 1282 426 1332 fuisset,
450 1283 563 1337 quod
584 1282 768 1324 amicum
788 1288 916 1338 atque
936 1284 1148 1338 hospitem
1168 1299 1310 1325 meum
1342 1283 1581 1333 Sthenium,
1604 1300 1732 1339 quem

121 1363 201 1403 ego
221 1348 267 1389 in
288 1353 516 1403 quaestura
536 1364 629 1389 mea
651 1348 927 1403 singulariter
948 1349 1203 1398 dilexissem,
1227 1350 1279 1389 de
1300 1364 1382 1403 quo
1403 1349 1563 1403 optime
1584 1349 1729 1390 existi-

121 1429 313 1462 massem,
356 1429 483 1469 quem
517 1413 564 1454 in
603 1414 823 1468 provincia
864 1413 1190 1455 existimationis
1223 1429 1342 1454 meae
1376 1413 1731 1456 studiosissimum

120 1478 524 1534 cupidissimumque
565 1493 822 1534 cognossem,
856 1484 945 1520 tam
975 1480 1214 1528 crudeliter,
1242 1479 1454 1528 scelerate,
1484 1478 1730 1534 nefarieque

120 1549 369 1594 tractasses;
413 1549 557 1585 tamen
587 1545 719 1600 digna
750 1560 874 1586 causa
904 1545 1122 1586 videretur
1152 1560 1227 1586 cur
1256 1544 1503 1585 inimicitias
1543 1544 1730 1586 hominis

119 1609 422 1664 improbissimi
444 1610 712 1665 susciperem,
735 1615 783 1651 ut
804 1610 983 1665 hospitis
1011 1610 1190 1651 salutem
1223 1609 1498 1664 fortunasque
1530 1610 1728 1651 defende-

120 1691 222 1716 rem.
285 1675 497 1716 Fecerunt
517 1675 596 1716 hoe
617 1675 744 1716 multi
765 1676 877 1730 apud
898 1675 1077 1731 majores
1098 1680 1286 1717 nostros:
1319 1675 1421 1716 fecit
1442 1675 1572 1716 etiam
1592 1690 1730 1730 nuper

118 1740 244 1782 homo
265 1740 521 1782 clarissimus
543 1740 619 1781 011.
643 1741 871 1791 Domitius,
894 1741 969 1797 qui
989 1741 1049 1782 M.
1073 1740 1266 1782 Silanum
1296 1740 1560 1782 consularem
1590 1740 1727 1782 homi-

120 1873 261 1913 position
289 1872 428 1903 Creuzer
458 1873 523 1903 and
554 1873 662 1904 Moser
689 1873 767 1904 take
797 1884 831 1904 as
858 1884 900 1904 an

121 1917 290 1957 adjective.
320 1917 386 1950 But
399 1917 426 1947 it
438 1927 548 1947 means
562 1917 611 1946 ‘in
624 1927 660 1947 eo
673 1917 900 1957 potissi1num,’

122 1963 131 1976 ‘
143 1960 175 1989 in
192 1960 268 1990 that
283 1960 373 1999 place
388 1960 497 1990 before
513 1960 556 1990 all
572 1960 704 1990 others?

164 2003 244 2033 seiri
275 2003 358 2044 tam]
400 2003 598 2033 ‘scribtum’
630 2003 670 2039 V,
699 2004 898 2044 ‘scriptum'

122 2046 184 2085 Lg.
209 2048 251 2076 42
276 2057 307 2086 p.
332 2057 375 2076 111.
421 2047 523 2077 These
547 2049 613 2077 two
636 2047 790 2077 blunders
813 2048 901 2078 show

122 2089 211 2119 what
236 2089 317 2119 kind
343 2090 380 2119 of
401 2090 556 2120 mistakes
582 2101 656 2130 may
682 2090 721 2120 bc
748 2091 842 2121 made
865 2091 900 2120 in

123 2132 273 2172 copying,
301 2132 365 2162 and
390 2133 463 2162 how
488 2143 535 2162 we
562 2133 677 2163 should
702 2134 840 2173 proeced
867 2134 901 2163 in

122 2175 285 2215 dedueing
315 2185 334 2204 a
371 2177 446 2206 truc
475 2176 612 2215 reading
648 2177 732 2207 from
767 2187 786 2207 a
821 2177 900 2207 false

123 2217 269 2257 reading.

167 2260 235 2290 Hie
265 2270 321 2299 eyo
352 2260 382 2290 si
407 2260 479 2301 (10]

123 2303 261 2343 spondet
284 2303 442 2343 principio
464 2304 587 2343 periodi
605 2305 672 2335 Hie
689 2315 755 2344 eqo,
774 2305 825 2335 eui
846 2316 901 2345 ap-

123 2347 191 2377 tius
207 2348 290 2376 esset
307 2348 437 2376 ‘tamen
453 2347 536 2377 hanc
553 2358 682 2378 eausam
699 2348 832 2388 dignam
848 2359 901 2378 ex-

122 2389 325 2425 isti1na1·em,'
350 2389 376 2418 si
400 2392 510 2419 orator
534 2393 685 2421 accurate
710 2401 900 2430 componere

124 2433 224 2462 verba
248 2432 401 2462 voluisset
412 2432 432 2444 '³
461 2433 620 2473 (Zumpt).
667 2434 744 2464 This
767 2436 900 2474 strange

124 2475 378 2514 misconeeption
404 2485 505 2505 seems
531 2478 566 2506 to
590 2477 671 2506 arise
695 2477 793 2517 50101)γ
816 2477 900 2506 from

124 2518 181 2548 the
194 2518 337 2558 practice
347 2517 383 2547 of
390 2518 526 2558 putting
537 2529 555 2548 a
566 2529 690 2549 comma
700 2520 785 2550 after
799 2523 873 2559 ‘ego
879 2519 899 2555 ς’

125 2562 213 2597 thus,
232 2565 239 2577 ‘
251 2561 303 2590 hie
315 2571 384 2600 ego,
399 2560 446 2590 si.>
473 2561 489 2590 1
506 2572 640 2601 suppose
656 2563 732 2592 that
748 2563 777 2592 if
790 2562 902 2592 Cicero

125 2604 189 2634 had
219 2604 298 2640 said,
326 2604 431 2633 whieh
462 2604 611 2634 however
641 2605 681 2635 he
708 2606 814 2635 would
844 2607 903 2636 not

124 2658 191 2688 say,
217 2647 289 2677 ‘hic
313 2647 338 2676 si
362 2646 444 2686 ego,'
468 2647 615 2686 Zumpt’s
642 2648 771 2678 remark
796 2648 903 2678 would

125 2691 241 2730 hardly
259 2690 340 2720 have
356 2690 437 2719 been
460 2690 563 2719 made.
610 2690 766 2729 Compare
784 2691 855 2720 Lib.
874 2692 902 2720 1.

126 2744 153 2763 0.
175 2735 228 2769 61,
252 2734 358 2763 where
374 2733 523 2762 however
540 2733 659 2772 Zumpt
676 2734 733 2763 1105
755 2738 762 2750 ‘
774 2734 825 2763 eui
842 2733 902 2763 nisi

126 2777 208 2814 eg‹›,'
225 2776 352 2807 instead
368 2777 405 2805 of
424 2780 432 2792 ‘
446 2776 498 2806 eui
517 2787 577 2815 ego
601 2776 683 2805 nisi.³
730 2777 768 2806 In
794 2776 903 2806 Divin.

127 2831 154 2849 (¹.
166 2822 196 2854 9,
207 2820 300 2849 there
318 2820 343 2849 15
360 2824 368 2836 ‘
382 2819 465 2849 Eum
484 2830 543 2859 ege
555 2819 579 2848 51
593 2821 717 2858 putem,
731 2821 797 2855 &e.,
811 2819 904 2850 facile

127 2863 298 2903 intelligo,’
323 2863 430 2893 where
457 2862 571 2892 ‘facile
598 2862 766 2903 intelligo'
794 2863 820 2892 is
846 2865 904 2892 not

540 2262 728 2301 “Apodosis
757 2273 823 2293 non
852 2272 901 2292 re-

945 1874 1139 1914 neeessarily
1156 1873 1213 1904 the
1229 1873 1324 1909 form,
1340 1873 1476 1904 because
1497 1873 1535 1903 of
1553 1873 1610 1903 the
1634 1877 1728 1903 ‘eum

945 1928 1005 1957 ego
1021 1917 1069 1947 si?
1116 1917 1184 1947 The
1204 1917 1272 1947 fact
1292 1917 1329 1953 is,
1353 1917 1429 1947 that
1450 1917 1523 1947 ‘hie
1547 1926 1606 1957 ego
1628 1916 1654 1946 si
1667 1917 1676 1929 ³
1701 1917 1728 1946 is

945 1956 1085 1991 Cicero's
1112 1960 1244 2000 general
1268 1960 1352 1990 form
1383 1960 1420 1990 of
1442 1960 1635 2000 expression,
1662 1960 1727 1990 and

944 2006 1003 2034 not
1020 2008 1028 2020 ‘
1039 2004 1091 2034 hic
1108 2004 1134 2034 si
1150 2014 1210 2044 ego
1219 2004 1240 2040 ;'
1268 2003 1328 2039 for,
1345 2003 1374 2033 if
1392 2003 1449 2034 the
1467 2006 1475 2020 ‘
1488 2013 1548 2043 ego
1561 2003 1570 2015 ⁵
1586 2003 1613 2033 is
1636 2003 1727 2039 used,

945 2047 973 2077 it
985 2048 1090 2087 ought
1102 2049 1137 2077 to
1148 2057 1236 2077 come
1249 2047 1354 2076 either
1364 2047 1436 2076 first
1448 2046 1482 2076 in
1495 2047 1552 2076 the
1562 2048 1725 2081 sentence,

945 2101 981 2120 or
1005 2101 1038 2120 as
1061 2101 1140 2121 near
1162 2090 1220 2120 the
1235 2089 1416 2129 beginning
1438 2100 1472 2119 as
1491 2089 1548 2119 the
1566 2089 1676 2119 claims
1693 2089 1730 2119 of

945 2134 1084 2164 another
1114 2133 1204 2163 word
1228 2133 1293 2162 will
1324 2133 1427 2162 allow.
1473 2132 1644 2171 Examples
1671 2142 1726 2162 arc

946 2177 1135 2207 abundant:
1161 2176 1270 2206 Divin.
1288 2186 1314 2205 e.
1331 2177 1362 2211 8,
1381 2175 1475 2205 ‘huic
1491 2186 1551 2214 ego
1570 2175 1693 2205 homini
1704 2175 1725 2211 3'

947 2220 1001 2249 ‘in
1024 2230 1087 2259 quo
1110 2230 1170 2259 ego
1196 2218 1296 2258 quid,'
1325 2218 1466 2254 διο-,11013
1488 2218 1541 2247 ‘in
1563 2228 1626 2257 quo
1648 2218 1727 2257 quid

946 2273 1006 2302 ego
1015 2262 1036 2298 3'
1055 2273 1081 2292 0.
1094 2263 1125 2298 9,
1144 2266 1152 2279 ‘
1162 2262 1215 2292 hic
1228 2272 1287 2301 ego
1300 2261 1339 2291 de
1351 2263 1384 2291 te
1394 2261 1415 2297 ς’
1433 2271 1459 2291 c..
1473 2262 1525 2297 13,
1543 2264 1552 2276 ‘
1562 2260 1653 2300 cujus
1666 2271 1726 2301 ego

945 2305 1136 2345 ingenium?
1181 2305 1256 2334 Act.
1273 2304 1294 2333 i.
1312 2314 1338 2334 0.
1355 2303 1386 2340 7,
1405 2307 1505 2343 ‘quae
1524 2303 1577 2333 1110
1593 2304 1619 2333 51
1631 2304 1640 2316 '
1658 2304 1725 2340 ἂψ,

945 2348 1053 2378 where
1076 2358 1095 2377 a
1114 2347 1235 2378 vicious
1261 2347 1404 2386 practice
1428 2347 1534 2386 places
1559 2357 1577 2376 a
1601 2357 1726 2377 eonnna

945 2391 1031 2421 after
1042 2390 1132 2426 ‘ille‚’
1143 2400 1177 2420 as
1186 2390 1216 2419 if
1228 2394 1236 2406 ‘
1247 2389 1317 2420 ille’
1334 2389 1494 2430 belonged
1506 2392 1541 2420 to
1554 2390 1725 2427 ‘dixissem'

944 2434 1087 2464 whereas
1102 2433 1130 2463 it
1145 2433 1278 2472 belongs
1294 2434 1329 2463 to
1346 2436 1354 2449 ‘
1364 2433 1541 2463 noluisset?

990 2476 1129 2506 Creuzer
1153 2476 1215 2506 and
1240 2476 1349 2506 Moser
1372 2476 1429 2505 fall
1458 2476 1529 2506 into
1556 2476 1614 2506 the
1638 2486 1725 2507 same

944 2519 1084 2549 mistake
1105 2529 1139 2549 as
1163 2519 1292 2558 Zumpt,
1317 2519 1382 2549 and
1406 2519 1526 2549 Iordan
1549 2519 1615 2550 also
1639 2520 1724 2550 does.

946 2562 1014 2592 The
1030 2562 1181 2602 pointing
1193 2562 1229 2591 of
1242 2562 1339 2592 Klotz
1352 2562 1455 2592 shows
1467 2563 1543 2593 that
1556 2563 1595 2593 he
1607 2563 1725 2593 under-

947 2605 1040 2635 stood
1055 2605 1082 2635 it
1098 2605 1199 2644 right.

996 2648 1051 2677 Cn.
1083 2647 1278 2688 Domitiae]
1338 2648 1396 2679 See
1428 2648 1538 2679 Divin.
1570 2659 1597 2678 c.
1629 2650 1727 2678 20.-

950 2691 1172 2730 ‘Transalpini
1199 2692 1357 2721 hominis’
1394 2692 1524 2731 Zumpt,
1557 2692 1641 2722 from
1665 2691 1726 2731 Lg.

949 2735 990 2763 ζ12
1018 2745 1048 2773 p.
1075 2745 1118 2763 m.
1143 2735 1237 2774 only;
1265 2735 1370 2764 whieh
1395 2735 1530 2775 reading
1548 2745 1595 2764 we
1618 2734 1727 2774 might

948 2777 1065 2816 prefer,
1083 2777 1112 2806 if
1130 2778 1157 2807 it
1174 2788 1257 2807 were
1272 2778 1356 2817 good
1376 2778 1533 2809 criticism
1556 2777 1671 2818 simply
1690 2779 1725 2808 to

949 2819 1026 2850 take
1042 2820 1131 2851 what
1147 2831 1194 2851 we
1210 2820 1275 2851 like
1291 2821 1372 2851 hest.
