1849 3167
530 123 658 167 AGT.
690 123 754 166 II.
784 121 974 165 LIBER
1002 120 1272 163 TERTIUS.
1623 117 1706 160 401

97 238 261 280 sionem
289 242 415 294 putas
445 239 567 281 esse?
595 239 677 281 hoc
706 238 816 280 ferre
846 252 1104 293 quemquam
1133 235 1291 291 posse?
1334 234 1415 276 hoc
1446 247 1706 290 quemquam

96 304 280 359 denique
299 319 414 346 nunc
435 310 607 346 tuorum
637 305 938 347 advocatorum
968 302 1110 344 animo
1140 316 1274 356 aequo
1304 299 1451 342 audire
1482 299 1703 348 arbitrare,

95 384 180 425 qua
200 369 247 410 in
267 369 440 411 civitate
462 369 507 411 C.
533 370 697 420 Catoni,
721 368 932 412 consulari
950 367 1128 416 homini,
1151 365 1385 407 clarissimo
1401 364 1506 414 viro,
1525 363 1602 404 HS
1615 376 1702 404 VIII

93 435 283 476 millibus
312 435 365 476 lis
396 435 618 477 aestimata
659 435 727 485 sit,
758 435 806 476 in
835 434 984 476 eadem
1012 432 1188 474 civitate
1223 430 1458 486 apparitori
1497 435 1572 471 tuo
1613 443 1701 470 esse

94 515 338 542 concessum
368 506 416 542 ut
446 501 523 542 HS
552 516 638 543 uno
667 500 840 542 nomine
870 499 1075 541 terdecies
1105 497 1329 539 auferret?
1387 496 1505 537 Hinc
1534 494 1608 535 ille
1639 498 1702 535 est

93 566 276 607 annulus
298 581 448 608 aureus
471 582 553 622 quo
575 572 623 608 tu
642 566 770 608 istum
792 565 839 606 in
859 564 1055 607 contione
1076 562 1268 613 donasti3
1301 577 1408 617 quae
1428 567 1503 602 tua
1531 558 1704 601 donatio

93 630 304 686 singulari
324 632 591 686 impudentia
624 630 858 687 [praedita]
892 645 1003 672 nova
1036 629 1188 671 Siculis
1221 628 1430 677 omnibus,
1465 625 1575 667 mihi
1604 639 1703 666 vero

93 697 223 738 etiam
244 697 508 738 incredibilis
528 697 764 738 videbatur.
827 696 960 751 Saepe
980 695 1096 737 enim
1114 694 1251 736 nostri
1271 694 1548 748 imperatores
1579 705 1702 745 supe-

91 762 195 803 ratis
216 762 420 812 hostibus,
443 762 602 817 optime
622 778 667 804 re
687 762 858 818 publica
880 766 1011 818 gesta,
1035 760 1193 802 scribas
1214 774 1309 801 suos
1325 757 1494 800 annulis
1507 756 1704 798 aureisin

91 827 288 869 contione
309 828 546 869 donarunt:
578 833 627 869 tu
646 843 746 869 vero
768 827 921 883 quibus
941 827 1065 868 rebus
1087 825 1229 881 gestis,
1253 839 1336 879 quo
1357 824 1478 865 hoste
1505 828 1702 878 superato

90 893 332 934 contionem
361 892 548 934 donandi
577 908 701 934 causa
731 894 935 934 advocare
966 907 1091 933 ausus
1121 907 1164 932 es
1181 891 1201 932 Ρ
1259 889 1410 945 Neque
1432 888 1546 930 enim
1567 887 1705 929 solum

91 949 426 1000 scribam’tuum
456 958 627 1008 annulo,
660 959 734 1000 sed
764 958 894 1000 etiam
923 957 1065 999 virum
1095 955 1371 998 fortissimum
1405 970 1453 995 ac
1483 953 1549 995 tui
1578 952 1699 994 dissi-

89 1024 332 1074 millimum,
377 1024 427 1071 Q.
470 1024 695 1074 Rubrium,
738 1023 1018 1065 excellentem
1051 1022 1223 1071 virtute,
1257 1019 1522 1068 auctoritate,
1555 1017 1700 1073 copiis,

90 1104 244 1131 corona
274 1095 316 1131 et
345 1089 532 1145 phaleris
563 1094 605 1130 et
629 1094 781 1145 torque
808 1089 988 1138 donasti,
1018 1088 1079 1129 M.
1104 1086 1359 1135 Cossutium,
1383 1084 1700 1127 sanctissimum

88 1155 230 1196 virum
270 1161 397 1211 atque
437 1155 796 1204 honestissimum,
839 1154 900 1195 M.
945 1153 1213 1202 Castricium,
1255 1166 1420 1194 summo
1460 1149 1698 1205 splendore,

88 1220 277 1277 ingenio,
311 1221 452 1276 gratia
480 1220 736 1276 praeditum.
799 1219 914 1266 Quid
943 1220 1048 1261 haec
1079 1219 1160 1261 sibi
1184 1219 1338 1259 horum
1358 1216 1518 1258 civium
1538 1215 1693 1256 Roma-

86 1301 241 1328 norum
270 1287 382 1328 dona
412 1286 677 1329 voluerunt?
737 1285 899 1327 Siculos
928 1290 1148 1340 praeterea
1177 1282 1493 1339 potentissimos
1523 1279 1698 1322 nobilis-

87 1351 297 1408 simosque
347 1351 526 1402 donasti,
569 1351 644 1407 qui
682 1366 783 1402 non,
834 1351 1194 1407 quemadmodum
1243 1347 1435 1404 sperasti,
1486 1346 1695 1388 tardiores

86 1417 273 1468 fuerunt,
296 1418 370 1460 sed
390 1418 624 1460 ornatiores
645 1422 718 1459 tuo
734 1417 897 1473 judicio
918 1417 973 1458 ad
992 1416 1238 1458 testimonia
1265 1414 1445 1456 dicenda
1470 1416 1694 1455 venerunt.

88 1482 253 1530 Quibus
282 1499 336 1525 ex
365 1484 554 1526 hostium
584 1483 744 1539 spoliis,
787 1484 839 1525 de
880 1499 964 1539 qua
1003 1482 1196 1532 victoria,
1229 1497 1313 1538 qua
1343 1496 1398 1522 ex
1426 1479 1585 1536 praeda
1625 1482 1699 1519 aut

84 1548 297 1591 manubiis
317 1549 421 1591 haec
442 1549 516 1591 abs
536 1554 579 1591 te
600 1549 772 1591 donatio
805 1548 1038 1591 constituta
1069 1547 1170 1590 est?
1200 1562 1257 1588 an
1283 1546 1398 1602 quod
1428 1551 1471 1586 te
1503 1549 1698 1600 praetore

84 1629 316 1670 paucorum
336 1615 524 1656 adventu
542 1629 853 1670 myoparonum
874 1613 1017 1655 classis
1046 1612 1346 1668 pulcherrima,
1379 1610 1548 1652 Siciliae
1574 1624 1695 1664 prae·

85 1679 243 1721 sidium
261 1679 716 1735 propugnaculumque
740 1679 998 1735 provinciae,
1030 1679 1268 1734 piratarum
1296 1677 1494 1718 manibus
1524 1675 1696 1716 incensa

86 1750 149 1786 est
166 1745 186 1786 P
216 1759 271 1786 an
301 1746 414 1800 quod
444 1760 547 1800 ager
577 1745 866 1800 Syracusanus
896 1745 1159 1800 praedonum
1189 1741 1399 1784 incendiis
1429 1747 1471 1782 te
1501 1745 1695 1795 praetore

84 1815 274 1852 vastatus
295 1810 392 1851 est?
423 1825 477 1851 an
498 1811 611 1865 quod
632 1809 771 1852 forum
801 1810 1116 1866 Syracusanum
1145 1807 1458 1849 navarchorum
1484 1804 1694 1859 sanguine

84 1874 375 1916 redundavit?
405 1889 459 1916 an
481 1875 594 1930 quod
614 1875 660 1915 in
680 1879 807 1930 portu
827 1874 1092 1930 Syracusano
1112 1873 1316 1928 piraticus
1337 1885 1541 1926 myoparo
1573 1868 1692 1910 navi-

84 1940 242 1995 gavit?
301 1939 426 1981 Nihil
446 1955 616 1994 possum
635 1939 820 1995 reperire
851 1939 1126 1995 quamobrem
1156 1944 1199 1979 te
1229 1937 1275 1978 in
1305 1937 1432 1977 istam
1463 1935 1695 1977 amentiam

84 2006 283 2048 incidisse
319 2006 528 2056 arbitrer3
570 2005 654 2047 nisi
694 2005 803 2047 forte
833 2005 877 2046 id
908 2004 1036 2060 egisti
1065 2009 1114 2045 ut
1143 2002 1388 2044 hominibus
1418 2016 1471 2042 ne
1501 1999 1694 2042 oblivisci

84 2071 255 2128 quidem
270 2087 412 2113 rerum
434 2078 605 2113 tuarum
630 2069 762 2127 [male
784 2068 1022 2126 gestarum]
1046 2069 1206 2111 liceret.
1250 2067 1426 2109 Annulo
1444 2065 1549 2123 [est]
1567 2081 1694 2108 aureo

83 2169 121 2201 of
140 2171 198 2202 the
222 2181 294 2201 sum
318 2170 507 2201 mentioned
530 2170 564 2200 in
581 2180 608 2201 c.
624 2170 677 2206 70,
697 2169 723 2200 is
749 2171 863 2210 ‘quat-

83 2214 289 2251 tuordecies‚'
315 2214 380 2244 and
410 2225 429 2244 a
459 2215 520 2244 few
545 2213 724 2244 thousands
755 2223 863 2249 morc;

83 2257 146 2288 but
176 2257 233 2288 the
264 2268 335 2287 sum
366 2257 400 2288 in
431 2267 458 2287 c.
486 2258 529 2289 70
557 2257 582 2287 is
612 2259 670 2287 not
701 2256 798 2295 given
829 2266 864 2286 as

83 2300 265 2341 absolutely
282 2301 339 2331 the
354 2304 430 2331 true
446 2311 528 2336 suin,
545 2300 595 2330 for
612 2300 724 2331 Cicero
737 2310 809 2340 says
821 2299 862 2340 (c.

83 2342 153 2384 70),
171 2348 179 2360 ¹
192 2344 225 2373 111
242 2344 362 2374 alteras
378 2344 530 2374 decumas
546 2344 613 2374 fere
629 2343 670 2373 ad
686 2342 862 2383 nonagies!

131 2387 165 2417 C.
187 2386 334 2428 Catoni]
382 2388 441 2417 Sec
459 2387 530 2417 Lib.
548 2389 578 2417 4.
595 2397 622 2416 c.
640 2387 691 2416 10.

126 2429 332 2470 impudentia
344 2429 564 2471 [praedila]]
592 2429 778 2459 ‘Praedita’
791 2428 862 2459 isin

82 2471 124 2502 V.
171 2473 205 2503 It
224 2473 250 2502 is
272 2478 331 2503 not
352 2474 386 2503 111
411 2473 471 2513 Lg.
488 2475 530 2503 42
542 2486 550 2509 ;
575 2473 638 2503 and
655 2473 776 2513 Zumpt
799 2472 864 2503 and

83 2515 204 2546 Iordan
221 2516 303 2546 omit
319 2516 356 2546 it.
403 2517 462 2547 See
480 2516 550 2546 Lib.
569 2517 598 2547 5.
616 2526 643 2545 c.
661 2517 713 2546 42.

126 2559 268 2588 annulus
285 2559 421 2600 aureus]
454 2559 639 2597 According
655 2562 690 2589 to
707 2558 816 2595 Klotz,
827 2568 864 2589 or

82 2602 196 2632 rather
215 2602 390 2643 according
408 2605 443 2633 to
459 2603 516 2633 the
533 2602 675 2633 German
691 2602 814 2632 edition
830 2601 868 2632 of

82 2645 216 2675 Adam's
243 2644 369 2675 Roman
396 2646 608 2685 Antiquities,
633 2645 738 2675 which
764 2644 862 2676 Klotz

82 2691 206 2728 quotam,
224 2688 281 2718 the
296 2689 520 2728 presentation
535 2689 573 2718 of
592 2689 648 2719 the
665 2689 740 2727 ring
755 2699 820 2718 was
842 2698 862 2719 11

81 2731 198 2762 formal
221 2731 420 2762 declaration
437 2732 474 2761 of
492 2732 549 2762 the
568 2732 732 2771 reception
749 2732 786 2761 of
804 2731 861 2763 the

81 2774 224 2805 receiver
234 2775 304 2804 into
316 2775 373 2805 the
383 2775 569 2815 equestriun
582 2780 590 2792 ‘
601 2775 702 2805 ordo)
726 2774 861 2812 Becker,

83 2816 282 2853 Handbuch,
299 2818 331 2848 ii.
350 2819 379 2855 1,
397 2828 428 2858 p.
445 2818 519 2854 277,
535 2818 593 2848 hus
609 2828 695 2849 some
714 2818 860 2849 remarks

81 2870 124 2891 on
140 2861 207 2891 this
222 2871 366 2902 passage.
411 2861 489 2892 This
504 2861 531 2892 is
546 2861 676 2893 further
691 2861 861 2903 explained

140 2917 236 2945 VOL.
270 2918 299 2946 1.

909 2169 952 2210 by
979 2168 1036 2199 the
1061 2167 1228 2207 following
1254 2166 1370 2202 words,
1403 2168 1464 2196 ‘ut
1490 2168 1575 2196 esset
1605 2165 1692 2196 unde

909 2212 1014 2242 scriba
1030 2214 1107 2242 tuus
1125 2234 1132 2241 .
1150 2234 1156 2240 .
1175 2234 1182 2241 .
1200 2210 1375 2245 moretm-J
1392 2209 1498 2239 which
1523 2209 1622 2239 Klotz
1638 2219 1691 2239 ex-

908 2255 1012 2295 plains
1036 2258 1072 2285 to
1094 2265 1200 2290 mean,
1225 2258 1233 2270 ‘
1247 2254 1322 2284 that
1346 2253 1385 2283 hc
1407 2253 1515 2293 might
1535 2253 1617 2283 have
1633 2253 1691 2284 the

908 2299 1065 2339 requisito
1081 2308 1195 2329 census
1205 2297 1255 2327 soi·
1271 2297 1328 2327 the
1345 2296 1531 2336 equestriun
1548 2296 1642 2333 rank,
1655 2300 1692 2327 to

908 2342 1015 2372 which
1030 2352 1095 2382 you
1111 2341 1176 2372 had
1192 2340 1297 2370 raised
1313 2340 1403 2370 him.'

952 2385 1085 2416 Crowns
1111 2384 1286 2425 (coronae),
1312 2385 1501 2413 ornaments
1527 2382 1564 2413 of
1590 2382 1690 2413 metal

909 2427 932 2469 (‘
944 2428 1118 2469 phalerae,’
1143 2427 1215 2458 Lib.
1232 2430 1263 2457 4.
1280 2437 1307 2457 c.
1326 2427 1393 2466 12),
1413 2426 1478 2456 und
1501 2430 1690 2456 ornaments

908 2482 996 2502 worn
1021 2471 1125 2502 round
1149 2471 1206 2502 the
1227 2470 1309 2501 neck
1327 2470 1500 2510 (torques),
1517 2480 1601 2499 were
1617 2480 1689 2509 prc-

907 2515 1022 2546 seuted
1032 2517 1067 2546 to
1077 2525 1151 2546 meu
1162 2514 1234 2545 who
1245 2513 1486 2553 distinguished
1496 2513 1690 2543 themselves

908 2558 942 2589 in
958 2559 1102 2599 military
1115 2558 1236 2589 service
1247 2570 1256 2594 ς
1273 2557 1374 2597 cheap
1390 2556 1543 2592 rewards,
1554 2555 1618 2586 like
1632 2556 1689 2586 thc

908 2611 994 2632 cross
1017 2602 1055 2633 of
1080 2601 1138 2633 the
1166 2601 1289 2642 Legion
1320 2601 1357 2631 of
1384 2599 1533 2635 Honour,
1564 2602 1623 2630 not
1654 2609 1689 2629 so

908 2645 1010 2686 costly
1027 2655 1061 2676 ns
1076 2645 1236 2685 peusions.

949 2688 999 2719 M.
1021 2687 1246 2729 Castricium]
1294 2686 1352 2717 See
1367 2686 1430 2717 Pro
1446 2685 1572 2722 theu,
1590 2695 1617 2716 c.
1634 2687 1687 2722 30,

905 2735 993 2762 note.

948 2775 1062 2806 horum
1085 2773 1219 2815 cii-ium]
1268 2773 1403 2803 ‘horum
1424 2772 1526 2802 trium
1546 2771 1687 2803 civium'

904 2818 1036 2859 Zumpt,
1054 2818 1183 2849 Iordan.
1230 2816 1258 2846 V
1274 2816 1372 2847 omits
1388 2819 1397 2832 ‘
1408 2815 1533 2846 trium.'

949 2861 1054 2904 [male
1064 2859 1271 2903 gestarum]
1317 2870 1381 2891 om.
1400 2858 1460 2899 Lg.
1476 2875 1480 2880 ·
1499 2860 1518 2889 2
1535 2857 1572 2889 F.

1382 2903 1459 2943 nd
