1849 3167
164 147 248 190 594
747 147 815 190 IN
847 147 892 190 O.
924 146 1180 191 VERREM

164 261 266 303 tatis
295 260 492 304 remediis
521 276 640 318 posse
670 277 830 304 sanare.
891 261 1066 303 Etenim
1095 275 1354 317 quamquam
1383 260 1450 303 illi
1480 265 1579 304 sunt
1607 261 1762 304 mortui

165 327 332 369 sceleris
361 327 427 368 tui
456 332 595 378 testes,
628 333 772 369 tamen
803 343 947 369 eorum
977 327 1208 382 propinqui
1237 342 1374 382 neque
1404 327 1484 369 tibi
1513 343 1650 383 neque
1680 328 1767 369 illis

165 393 330 442 desunt,
372 398 517 434 tamen
557 409 610 435 ex
649 394 740 448 ipso
772 393 847 434 illo
879 408 1055 434 numero
1093 393 1405 434 navarchorum
1446 393 1579 448 aliqui
1613 393 1767 435 vivunt

166 462 209 499 et
239 459 416 509 adsunt;
450 474 565 514 quos,
587 464 636 500 ut
666 458 773 499 mihi
804 458 984 508 videtur,
1009 459 1062 499 ad
1091 458 1263 500 illorum
1289 458 1581 499 innocentium
1610 473 1766 513 poenas

163 522 337 564 fortuna
358 528 400 565 et
430 524 483 565 ad
512 525 623 565 hanc
648 539 816 565 causam
846 523 1090 566 reservavit.
1151 523 1287 565 Adest
1307 523 1576 579 Phylarchus
1597 523 1765 566 Halun—

163 588 292 639 tinus,
315 589 389 644 qui
419 589 519 645 quia
539 605 635 631 cum
660 589 884 630 Cleomene
913 604 999 630 non
1030 589 1156 644 fugit,
1180 604 1401 645 oppressus
1432 605 1456 630 a
1484 589 1768 644 praedonibus

164 658 207 695 et
236 659 383 709 captus
413 660 498 696 est:
531 654 599 696 cui
626 654 844 696 calamitas
874 654 1002 696 saluti
1029 655 1136 696 fuit:
1170 655 1244 710 qui
1273 655 1358 696 nisi
1384 660 1532 710 captus
1563 670 1587 696 a
1616 655 1768 710 piratis

164 724 284 770 esset,
307 720 353 761 in
377 720 492 760 hunc
512 720 770 774 praedonem
800 720 1008 761 sociorum
1038 720 1268 761 incidisset.
1329 720 1448 762 Dicit
1478 721 1514 762 is
1543 735 1620 776 pro
1646 720 1765 762 testi-

163 784 306 826 monio
335 785 387 825 de
413 784 612 826 missione
640 790 882 834 nautarum,
906 784 957 826 de
978 784 1102 835 fame,
1125 785 1177 826 de
1199 784 1436 828 Cleomenis
1455 786 1571 841 fuga.
1631 785 1768 827 Adest-

165 848 468 904 Centuripinus
499 849 745 899 Phalacrus,
780 849 827 890 in
867 849 1128 904 amplissima
1168 850 1342 893 civitate
1381 851 1641 907 amplissimo
1675 851 1767 893 loeo

162 919 288 956 natus
304 931 311 956 :
344 916 491 957 eadem
511 915 640 967 dicit3
671 915 791 956 nulla
810 914 857 956 in
877 930 923 956 re
944 914 1166 971 discrepat.

218 980 408 1022 XLVII.
449 981 535 1023 Per
569 982 667 1023 deos
700 980 974 1031 immortales,
1007 996 1090 1036 quo
1125 982 1300 1023 tandem
1329 981 1472 1024 animo
1502 981 1668 1032 sedetis,
1696 981 1767 1038 ju-

162 1045 288 1096 dices,
323 1051 397 1088 aut
432 1047 537 1088 haec
572 1047 929 1102 quemadmodum
962 1046 1176 1089 audistis?
1235 1047 1396 1089 Utrum
1426 1063 1505 1104 ego
1535 1047 1695 1103 desipio
1724 1052 1767 1090 et

161 1111 258 1167 plus
278 1127 406 1167 quam
427 1112 528 1153 satis
550 1116 613 1153 est
633 1112 753 1153 doleo
774 1117 895 1154 tanta
916 1111 1158 1154 calamitate
1188 1112 1441 1169 miseriaque
1469 1113 1688 1163 sociorum,
1711 1128 1767 1155 an

161 1191 236 1219 vos
256 1192 422 1232 quoque
442 1177 512 1218 hic
534 1177 827 1219 acerbissimus
853 1176 1147 1219 innocentium
1171 1178 1381 1220 cruciatus
1408 1183 1451 1220 et
1479 1194 1644 1220 maeror
1672 1178 1767 1234 pari

162 1257 287 1285 sensu
317 1242 472 1284 doloris
497 1242 660 1285 afficit?
719 1244 815 1298 Ego
839 1243 954 1284 enim
978 1259 1111 1299 quum
1137 1243 1452 1294 Herbitensem,
1475 1259 1607 1300 quum
1627 1244 1765 1285 Hera-

162 1307 363 1348 cliensem
395 1307 531 1349 securi
569 1323 815 1362 percussum
850 1323 938 1350 esse
973 1309 1080 1358 dico,
1112 1314 1305 1350 versatur
1344 1310 1453 1350 mihi
1492 1314 1591 1351 ante
1625 1309 1766 1351 oculos

161 1372 399 1428 indignitas
419 1373 686 1415 calamitatis.
744 1373 960 1414 Eorumne
980 1373 1233 1429 populorum
1252 1374 1376 1424 cives,
1400 1389 1545 1416 eorum
1565 1388 1766 1429 agrorum

161 1437 367 1488 alumnos,
391 1454 444 1479 ex
464 1439 616 1494 quibus
642 1438 831 1480 maxima
850 1438 915 1480 vis
936 1438 1141 1480 frumenti
1161 1440 1388 1494 quotannis
1412 1439 1527 1495 plebi
1547 1439 1766 1481 Romanae

162 1502 334 1544 illorum
358 1503 495 1558 operis
522 1519 570 1545 ac
597 1503 811 1545 laboribus
836 1503 1067 1559 quaeritur,
1100 1504 1175 1559 qui
1205 1520 1229 1546 a
1255 1505 1503 1560 parentibus
1530 1520 1603 1560 spe
1629 1505 1765 1546 nostri

161 1567 333 1623 imperii
352 1573 604 1624 nostraeque
625 1568 852 1624 aequitatis
872 1569 1054 1624 suscepti
1075 1569 1324 1625 educatique
1345 1575 1456 1620 sunt,
1479 1570 1533 1612 ad
1554 1569 1599 1611 O.
1617 1569 1765 1611 Verris

161 1632 371 1675 nefariam
394 1633 708 1675 immanitatem
728 1638 770 1675 et
795 1634 850 1675 ad
870 1634 960 1690 ejus
987 1634 1202 1676 funestam
1229 1635 1409 1677 securim
1430 1650 1518 1677 esse
1545 1639 1731 1676 servatos
1745 1635 1766 1677 Ρ

164 1698 307 1745 Quum
333 1699 441 1740 mihi
465 1698 749 1754 Tyndaritani
775 1699 891 1740 illius
920 1699 1039 1741 venit
1068 1699 1116 1741 in
1144 1705 1344 1751 mentem,
1367 1715 1500 1756 quum
1528 1699 1763 1756 Segestani,

161 1768 255 1805 tum
280 1763 379 1820 jura
409 1764 537 1806 simul
566 1764 790 1806 civitatum
810 1769 947 1820 atque
974 1764 1111 1806 officia
1140 1765 1370 1807 considero.
1434 1765 1549 1812 Quas
1568 1766 1693 1807 urbes
1713 1765 1762 1806 P.

160 1828 391 1872 Africanus
420 1829 550 1871 etiam
580 1830 791 1872 ornandas
821 1845 910 1872 esse
940 1830 1084 1886 spoliis
1114 1830 1302 1872 hostium
1329 1831 1559 1872 arbitratus
1588 1835 1664 1880 est,
1696 1845 1766 1872 eas

163 1894 209 1937 O.
232 1895 388 1937 Verres
416 1910 503 1936 non
533 1895 669 1937 solum
699 1895 785 1937 illis
816 1895 1077 1937 ornamentis
1107 1896 1180 1937 sed
1209 1896 1339 1937 etiam
1358 1896 1463 1938 viris
1492 1895 1765 1937 nobilissimis

161 1960 324 2002 nefario
345 1960 498 2002 scelere
518 1961 718 2016 privavit.
779 1961 849 2002 En
864 1962 977 2017 quod
990 1961 1273 2017 Tyndaritani
1292 1961 1474 2003 libenter
1493 1961 1738 2017 praedicent
1754 1976 1762 2002 :

164 2026 278 2069 ‘Nos
313 2027 360 2068 in
394 2027 696 2082 septemdecim
734 2026 902 2083 populis
937 2026 1106 2069 Siciliae
1145 2041 1445 2069 numeramur:
1485 2041 1562 2069 nos
1601 2040 1766 2082 semper

986 2158 1023 2189 to
1049 2168 1106 2199 say
1129 2157 1156 2188 is
1180 2157 1252 2188 well
1276 2157 1425 2198 enough,·
1455 2157 1530 2187 that
1556 2156 1591 2187 in
1613 2156 1711 2187 times
1732 2156 1770 2187 of

987 2201 1170 2242 prosperity
1200 2201 1265 2231 and
1294 2200 1438 2241 security
1467 2200 1561 2230 there
1591 2210 1646 2230 are
1675 2209 1765 2230 more

986 2245 1176 2284 marriages,
1193 2244 1257 2274 and
1279 2253 1369 2273 more
1392 2243 1539 2273 children
1561 2253 1616 2273 are
1638 2243 1764 2279 raised;

987 2288 1051 2317 and
1074 2298 1108 2317 as
1130 2287 1188 2317 the
1203 2296 1358 2326 exposure
1381 2286 1419 2315 of
1436 2285 1582 2315 children
1605 2295 1706 2315 seems
1729 2287 1765 2316 to

986 2330 1068 2360 have
1079 2330 1161 2360 been
1172 2331 1230 2359 not
1241 2339 1434 2358 uncommon
1446 2338 1565 2369 among
1574 2328 1631 2358 the
1642 2328 1764 2359 Greeks

986 2372 1050 2402 and
1074 2372 1225 2407 Romans,
1248 2381 1295 2401 we
1318 2381 1393 2411 may
1416 2381 1541 2401 assume
1567 2371 1643 2402 that
1673 2382 1763 2402 more

207 2157 252 2187 ad
267 2157 400 2188 illorum
417 2181 424 2188 .
442 2180 449 2188 .
465 2157 675 2199 reservavit]
711 2158 779 2188 The
795 2168 943 2188 common

162 2200 298 2240 reading
320 2201 346 2232 is
371 2201 430 2231 ‘ab
448 2201 578 2231 illorum
601 2201 824 2231 innocentium
840 2211 944 2241 poena

162 2243 296 2274 fortuna
316 2244 357 2274 ad
380 2244 463 2276 hanc
479 2255 608 2275 causam
629 2245 828 2275 reservavit.³
874 2244 942 2275 The

162 2286 299 2326 reading
320 2287 354 2316 in
377 2287 434 2317 the
458 2289 540 2323 text,
562 2287 669 2317 which
691 2287 718 2317 is
742 2287 900 2327 Zumpt's,
916 2287 942 2317 is

162 2329 238 2359 that
254 2330 291 2359 of
313 2329 372 2359 R3
394 2330 425 2359 V
441 2330 502 2369 Lg.
520 2331 572 2361 29.
619 2334 628 2347 ‘
640 2330 765 2360 Poenae
789 2330 941 2360 innocen-

162 2370 265 2401 tiuni'
290 2372 316 2401 is
332 2372 501 2411 explained
523 2373 566 2413 by
583 2373 702 2413 Zumpt
717 2375 753 2403 to
767 2383 863 2403 mean
882 2376 891 2389 ‘
903 2374 942 2402 ut

161 2413 225 2443 illis
259 2414 486 2445 innocentibus
519 2425 638 2455 poenas
674 2415 767 2446 dares
805 2415 941 2445 crudeli-

162 2456 265 2487 tatis.’

204 2499 258 2531 47.
277 2499 358 2540 plus
382 2509 480 2540 quam
502 2499 586 2530 satis
610 2501 659 2529 est
685 2498 795 2540 doleo]
843 2499 941 2530 ‘Plus

161 2553 259 2582 quam
275 2543 353 2573 satis
365 2542 478 2579 doleo,’
490 2543 530 2572 V.
556 2546 565 2559 ‘
577 2542 610 2572 N
612 2553 647 2573 ec
663 2544 774 2573 tamen
790 2553 920 2573 moveor
930 2542 941 2556 '

162 2586 323 2626 (Zumpt).
368 2586 385 2616 I
416 2588 502 2616 state
532 2585 590 2616 the
616 2586 694 2622 fact,
722 2585 797 2618 that
828 2586 938 2617 others

160 2639 235 2669 may
252 2639 302 2660 see
318 2629 466 2660 whether
481 2629 560 2669 they
576 2639 630 2659 are
646 2628 762 2659 moved
777 2639 813 2658 or
829 2630 897 2660 not.

204 2671 380 2714 alumnos,]
444 2671 618 2703 ‘Colonos'
652 2672 710 2703 the
740 2671 877 2712 reading
906 2671 943 2702 of

159 2714 243 2745 dett.

202 2757 363 2798 suscepti]
411 2758 568 2788 Graevius
590 2757 648 2788 has
671 2767 690 2788 a
711 2759 788 2788 note
809 2767 850 2787 on
873 2757 939 2788 this

158 2809 302 2840 passage,
313 2801 447 2831 written
458 2801 491 2831 in
502 2801 559 2832 the
569 2801 652 2842 style
662 2801 698 2831 of
704 2810 789 2831 some
801 2800 838 2830 of
845 2801 936 2831 those

158 2842 213 2873 old
243 2846 496 2875 commentators
521 2844 628 2875 whose
658 2843 848 2884 knowledge
872 2854 936 2874 was

158 2885 286 2917 limited
308 2888 343 2917 to
367 2886 476 2918 books.
524 2887 626 2919 What
646 2887 687 2919 he
707 2887 808 2928 really
825 2896 936 2918 means

986 2414 1131 2444 children
1144 2424 1227 2444 were
1239 2414 1375 2454 exposed
1384 2414 1418 2444 in
1433 2425 1666 2455 unprosperous
1682 2415 1765 2445 than

985 2457 1020 2487 in
1034 2467 1224 2497 prosperous
1239 2457 1345 2488 times.

1030 2501 1070 2530 P.
1097 2500 1296 2542 Africanus]
1346 2500 1404 2531 See
1434 2500 1506 2531 Lib.
1533 2502 1565 2532 2.
1589 2510 1617 2532 c.
1644 2501 1675 2538 2,
1699 2499 1764 2532 and

986 2542 1058 2573 Lib.
1075 2544 1105 2573 4.
1122 2554 1149 2574 c.
1166 2545 1218 2574 33.

1025 2587 1250 2626 septemdecim
1268 2610 1275 2617 .
1293 2610 1300 2618 .
1313 2596 1523 2617 numeramur
1533 2585 1560 2627 :]
1587 2586 1681 2616 ‘Non
1693 2596 1762 2617 era-

982 2639 1054 2659 mus
1067 2630 1076 2643 '
1099 2640 1135 2660 or
1160 2630 1394 2667 ‘noveramus‚’
1410 2630 1468 2661 the
1491 2629 1627 2670 reading
1649 2629 1686 2659 of
1704 2630 1762 2660 the

983 2672 1078 2710 dett.,
1095 2673 1121 2703 is
1136 2674 1287 2714 properly
1300 2673 1443 2713 rejected
1458 2673 1501 2713 by
1511 2673 1568 2703 the
1579 2673 1699 2703 editors
1711 2673 1762 2702 for

985 2719 994 2733 ‘
1005 2717 1237 2748 numeramur?
1282 2716 1462 2752 Manutius,
1486 2716 1521 2746 in
1543 2716 1594 2745 his
1618 2717 1696 2745 note
1720 2725 1762 2746 on

984 2759 1056 2789 Lib.
1074 2761 1103 2790 3.
1121 2770 1148 2793 c,
1165 2760 1195 2796 6,
1219 2763 1416 2799 ‘perpaucae
1439 2759 1566 2789 Siciliae
1588 2758 1762 2794 civitates,'

982 2802 1129 2833 observes
1140 2803 1216 2833 that
1232 2802 1344 2833 Cicero
1356 2802 1429 2833 well
1445 2802 1539 2832 knew
1551 2801 1608 2831 the
1623 2801 1762 2831 number

980 2845 1017 2875 of
1025 2845 1116 2876 these
1130 2849 1138 2864 ‘
1149 2845 1321 2882 civitates,’
1332 2846 1382 2877 for
1392 2845 1432 2877 he
1442 2855 1513 2885 says
1527 2844 1613 2885 (Lib.
1625 2844 1654 2874 5.
1665 2854 1691 2874 c.
1703 2843 1759 2885 47)

980 2888 1056 2919 that
1067 2888 1147 2929 they
1159 2898 1243 2920 were
1252 2890 1424 2920 seventeeu
1435 2900 1445 2926 ς
1461 2887 1525 2919 and
1541 2887 1616 2918 that
1632 2897 1702 2917 now
1720 2886 1762 2917 he
