1849 3167
170 109 256 150 486
754 109 824 151 IN
856 108 900 150 O.
917 156 919 158 ,
933 108 1189 151 VERREM

171 222 277 263 fines
298 225 538 276 prosecutas
560 222 681 263 esse?
739 222 865 264 Hanc
897 227 946 264 tu
977 227 1143 264 tantam
1174 223 1425 279 religionem
1445 224 1481 266 si
1502 230 1594 267 tum
1624 225 1670 267 in
1690 226 1769 267 im-

171 287 289 342 perio
309 292 483 342 propter
515 288 792 342 cupiditatem
824 293 950 343 atque
983 288 1203 329 audaciam
1234 304 1320 330 non
1351 290 1685 344 pertimescebas,
1717 306 1771 332 ne

170 367 286 393 nunc
316 353 489 407 quidem
519 352 564 393 in
596 359 714 394 tanto
745 358 817 394 tuo
848 358 1102 408 tuorumque
1131 353 1362 395 liberorum
1390 356 1576 409 periculo
1597 357 1769 411 perhor-

171 417 298 459 rescis
316 418 335 459 Ρ
396 418 533 464 Quem
556 419 633 459 tibi
655 424 727 459 aut
748 418 965 459 hominem
985 418 1132 459 invitis
1154 419 1234 459 diis
1255 419 1562 462 immortalibus
1583 426 1656 462 aut
1672 436 1771 462 vero

171 483 298 524 deum
327 484 459 525 tantis
490 499 635 525 eorum
665 484 942 539 religionibus
972 484 1140 525 violatis
1180 485 1340 526 auxilio
1379 485 1571 527 futurum
1609 485 1770 541 putas?

152 548 269 602 ={fibi
298 548 373 590 illa
403 549 543 590 Diana
573 550 618 589 in
648 564 750 604 pace
781 554 907 604 atque
936 549 983 590 in
1013 549 1098 591 otio
1128 550 1381 605 religionem
1409 551 1573 592 nullam
1594 550 1771 592 attulit?

168 603 279 668 quae
299 629 430 669 quum
451 615 554 655 duas
574 615 698 655 urbes
728 614 773 655 in
804 614 957 669 quibus
988 614 1124 656 locata
1154 615 1293 657 fuerat
1323 621 1466 671 captas
1497 616 1772 671 incensasque

171 678 357 728 vidisset,
381 679 444 719 bis
466 694 520 719 ex
540 679 720 720 duorum
736 679 944 720 bellorum
964 679 1135 721 flamma
1155 680 1349 736 ferroque
1370 686 1534 723 servata
1555 687 1641 732 est3
1664 682 1772 736 quae

172 743 610 798 Karthaginiensium
653 744 833 786 Victoria
871 744 962 786 1000
1002 750 1167 787 mutato
1207 747 1458 801 religionem
1501 752 1644 788 tamen
1684 761 1772 787 non

173 808 329 858 amisit,
353 808 401 849 P.
425 808 623 850 Africani
643 809 805 851 virtute
825 810 1078 865 religionem
1097 811 1225 853 simul
1246 827 1343 853 cum
1372 812 1461 853 1000
1491 812 1769 867 recuperavit.

175 873 268 918 Quo
310 873 484 928 quidem
525 874 680 915 scelere
721 880 913 930 suscepto
952 891 1085 931 quum
1120 877 1259 918 inanis
1289 882 1397 918 esset
1425 877 1536 919 basis
1566 883 1608 919 et
1637 878 1683 918 in
1723 893 1772 919 ea

171 938 221 979 P.
244 938 442 980 Africani
461 955 617 981 nomen
637 940 831 991 incisum,
854 957 919 983 res
935 941 1115 998 indigna
1131 947 1258 997 atque
1270 942 1536 984 intoleranda
1548 943 1773 985 videbatur

172 1004 381 1054 omnibus,
412 1019 500 1046 non
530 1005 666 1047 solum
696 1006 924 1062 religiones
955 1023 1043 1049 esse
1063 1008 1241 1049 violatas
1261 1024 1410 1049 verum
1431 1009 1558 1050 etiam
1580 1008 1628 1049 P.
1652 1008 1770 1049 Afri-

172 1068 281 1118 cani,
313 1069 397 1111 viri
427 1069 659 1120 fortissimi,
692 1086 836 1112 rerum
866 1077 1082 1128 gestarum
1104 1073 1296 1129 gloriam,
1318 1073 1567 1115 memoriam
1587 1074 1771 1124 virtutis,

172 1140 447 1176 monumenta
476 1136 678 1177 victoriae
710 1136 755 1178 O.
789 1137 968 1179 Verrem
999 1139 1228 1180 sustulisse.
1292 1138 1414 1184 Quod
1444 1154 1576 1194 quum
1605 1139 1678 1180 isti
1706 1154 1770 1180 re-

171 1199 444 1241 nuntiaretur
474 1202 525 1242 de
556 1201 646 1242 basi
678 1217 725 1257 ao
755 1202 904 1252 literis,
938 1204 1199 1245 existimavit
1228 1204 1420 1245 homines
1440 1204 1486 1245 in
1516 1204 1773 1245 oblivionem

173 1264 305 1305 totius
325 1266 489 1320 negotii
510 1281 597 1307 esse
617 1272 832 1317 venturos,
856 1268 892 1309 si
912 1268 1041 1309 etiam
1074 1269 1209 1310 basim
1240 1275 1460 1324 tamquam
1490 1269 1676 1310 indicem
1706 1270 1773 1310 sui

173 1328 341 1370 sceleris
372 1330 620 1372 sustulisset.
695 1331 849 1387 Itaque
878 1333 1112 1374 tollendam
1141 1334 1263 1374 istius
1293 1334 1471 1388 imperio
1500 1334 1770 1386 locaverunt;

173 1409 281 1448 quae
309 1394 428 1436 vobis
458 1395 611 1437 locatio
633 1411 686 1438 ex
705 1397 886 1452 publicis
916 1398 1051 1440 literis
1081 1397 1410 1454 Segestanorum
1438 1399 1578 1454 priore
1607 1400 1773 1441 actione

171 1459 348 1500 recitata
369 1445 485 1501 est*

230 1524 444 1566 XXXVI.
478 1524 537 1566 Te
572 1540 699 1577 nunc,
721 1527 770 1568 P.
794 1527 948 1583 Scipio,
980 1532 1035 1578 te,
1067 1528 1255 1584 inquam,
1287 1529 1565 1571 lectissimum
1591 1530 1771 1572 ornatis-

173 1589 411 1645 simumque
441 1590 749 1633 adolescentem
779 1593 973 1648 appello:
1025 1595 1098 1635 abs
1128 1599 1171 1635 te
1201 1594 1385 1636 officium
1423 1600 1547 1636 tuum
1582 1595 1773 1637 debitum

172 1655 319 1709 generi
340 1662 381 1696 et
402 1655 566 1696 nomini
587 1657 756 1711 requiro
778 1663 820 1699 et
840 1657 1000 1714 flagito.
1053 1659 1139 1700 Cur
1158 1675 1234 1714 pro
1255 1659 1335 1701 isto
1356 1660 1431 1715 qui
1449 1659 1620 1701 laudem
1639 1661 1771 1702 hono-

171 1735 345 1774 remque
375 1725 498 1761 tuum
528 1721 799 1778 familiaeque
829 1728 926 1765 tuae
957 1724 1227 1779 depeculatus
1258 1730 1320 1766 est
1347 1726 1547 1781 pugnas?
1578 1741 1653 1767 cur
1676 1742 1774 1768 eum

171 1784 393 1826 defensum
414 1801 501 1827 esse
522 1786 586 1827 vis
604 1787 623 1828 Ρ
655 1803 729 1828 cur
751 1803 829 1843 ego
849 1793 944 1831 tuas
964 1794 1105 1844 partes
1127 1790 1341 1846 suscipio?
1372 1806 1447 1832 cur
1467 1795 1590 1833 tuum
1618 1807 1773 1834 munus

171 1850 394 1891 sustineo?
468 1850 554 1892 Cur
584 1852 644 1893 M.
678 1852 842 1894 Tullius
874 1854 922 1894 P.
955 1854 1152 1896 Africani
1181 1860 1457 1896 monumenta
1486 1857 1678 1911 requirit,
1720 1857 1770 1898 P.

171 1914 312 1970 Scipio
333 1931 430 1956 eum
451 1917 525 1972 qui
545 1917 620 1958 illa
642 1918 813 1959 sustulit
835 1918 1027 1960 defendit
1041 1920 1061 1961 Ρ
1123 1919 1266 1966 Quum
1284 1936 1374 1962 mos
1395 1937 1419 1962 a
1439 1921 1669 1977 majoribus
1685 1926 1770 1964 tra-

170 1980 284 2021 ditus
315 1980 382 2030 sit,
415 1986 463 2022 ut
492 1989 767 2025 monumenta
787 1984 998 2040 majorum
1026 1985 1088 2026 ita
1115 2001 1287 2027 suorum
1307 1986 1484 2042 quisque
1505 1986 1704 2028 defendat
1724 1992 1773 2029 ut

170 2060 225 2086 ne
247 2046 388 2087 ornari
410 2047 583 2102 quidem
603 2049 775 2090 nomine
797 2049 977 2090 aliorum
998 2049 1122 2100 sinat,
1144 2055 1193 2091 tu
1214 2051 1285 2092 isti
1312 2052 1449 2092 aderis
1479 2052 1554 2107 qui
1582 2067 1669 2093 non
1698 2054 1770 2094 ob-

172 2111 329 2151 struxit
350 2111 492 2167 aliqua
513 2129 566 2154 ex
585 2119 706 2169 parte
727 2119 1052 2157 monumentum
1072 2115 1121 2157 P.
1145 2115 1367 2171 Scipionis,
1400 2118 1472 2158 sed
1508 2117 1595 2173 [id]
1627 2118 1769 2160 fundi-

216 2233 268 2263 36.
301 2233 340 2263 P.
374 2234 513 2275 Scipio,]
576 2235 613 2265 P.
645 2236 812 2267 Cornelius
843 2237 949 2277 Scipio
995 2238 1095 2268 Klotz
1120 2238 1185 2268 and
1215 2239 1335 2269 Iordan
1361 2239 1453 2275 have,
1484 2239 1511 2270 is
1539 2243 1549 2256 ‘
1561 2240 1615 2280 qui
1641 2241 1771 2273 laudem

172 2275 301 2312 Nasica,
315 2287 334 2306 a
350 2287 406 2306 son
418 2277 455 2307 of
467 2288 485 2307 a
496 2278 605 2308 father
621 2279 657 2309 of
668 2279 725 2309 the
741 2290 828 2310 same
843 2291 948 2316 name,
994 2281 1211 2320 honoremque
1236 2282 1377 2312 familiae
1403 2284 1530 2313 vestrae
1561 2283 1771 2324 depeculatus

172 2318 245 2348 who
261 2329 325 2348 was
341 2322 472 2359 praetor
488 2329 553 2350 B.C.
570 2322 621 2351 94.
661 2322 713 2352 He
729 2333 793 2352 was
809 2323 950 2362 adopted
993 2325 1043 2353 est
1052 2323 1074 2359 ς’
1097 2324 1158 2353 but
1175 2324 1295 2364 Zumpt
1307 2325 1429 2365 objects
1444 2328 1480 2356 to
1497 2329 1506 2342 ‘
1518 2328 1666 2364 vestrae:
1684 2328 1770 2359 since

172 2360 215 2400 by
231 2361 287 2391 the
303 2364 482 2392 testament
498 2363 534 2393 of
546 2363 584 2399 Q.
602 2363 755 2394 Metellus
772 2365 859 2401 Pius,
875 2376 948 2405 pro·
994 2366 1105 2396 Cicero
1134 2366 1162 2395 is
1191 2367 1380 2407 addressing
1418 2368 1524 2408 Scipio
1561 2370 1646 2410 only.
1707 2371 1771 2402 Yet

172 2403 269 2443 bably
286 2404 371 2433 after
395 2404 452 2434 the
477 2405 552 2435 date
577 2406 614 2436 of
632 2407 699 2436 this
715 2408 852 2438 oration.
898 2408 950 2438 He
995 2408 1088 2439 there
1106 2409 1133 2438 is
1158 2409 1192 2439 in
1208 2419 1234 2439 c.
1252 2409 1304 2446 37,
1329 2412 1567 2450 “quamobrem
1589 2413 1615 2442 si
1636 2414 1770 2454 suscipis

173 2456 238 2476 was
254 2446 364 2476 consul
381 2455 445 2477 B.C.
463 2449 515 2483 52,
532 2448 597 2477 and
612 2449 669 2479 the
685 2449 794 2480 father
817 2451 855 2480 of
873 2450 950 2481 Cor—
997 2474 1003 2480 .
1021 2474 1028 2480 .
1045 2451 1085 2481 de
1100 2453 1216 2482 vestris
1232 2454 1484 2484 monu1neutis.”
1530 2459 1539 2472 ‘
1550 2455 1656 2486 Tuum
1668 2457 1678 2469 '
1694 2457 1720 2487 is
1736 2457 1771 2487 in

173 2488 268 2524 nelia,
275 2489 332 2518 the
342 2489 405 2519 last
416 2489 488 2519 wife
500 2490 537 2520 of
543 2490 601 2520 Cn.
614 2491 784 2531 Pompeius
797 2493 949 2533 Magnus.
995 2494 1023 2523 Gr
1035 2495 1052 2523 1
1069 2495 1100 2524 2.
1146 2495 1187 2525 In
1202 2496 1292 2535 place
1308 2497 1345 2526 of
1364 2500 1373 2513 ‘
1383 2497 1482 2534 tuae,'
1503 2498 1561 2529 the
1581 2499 1718 2540 reading
1738 2500 1775 2530 of

174 2531 226 2561 He
263 2531 363 2561 killed
400 2532 533 2562 himself
565 2533 651 2564 after
688 2535 745 2565 the
775 2535 880 2566 battle
918 2537 954 2566 of
995 2542 1016 2566 λ
1037 2536 1095 2568 G3
1117 2538 1186 2568 cod.
1210 2539 1294 2576 Urs„
1314 2539 1408 2571 there
1430 2541 1457 2570 is
1481 2542 1646 2572 ‘vestrae'
1670 2543 1704 2572 in
1727 2543 1768 2573 R.

173 2574 329 2614 Thapsi1S,
354 2583 420 2605 ΒΕ.
437 2575 488 2605 46.
539 2575 645 2616 Scipio
668 2587 733 2608 was
755 2588 815 2609 one
836 2579 874 2608 of
891 2579 949 2610 the
995 2580 1078 2619 ng.

172 2617 344 2647 advocates
359 2618 397 2647 of
408 2617 535 2648 Verres.
1038 2623 1196 2665 aliorum]
1230 2625 1260 2654 R
1281 2626 1338 2656 G3
1363 2626 1424 2666 Lg.
1444 2628 1496 2664 29,
1521 2628 1664 2659 ‘alieno'
1685 2628 1769 2659 dett.

218 2661 533 2700 tzmmfamiliaeque.
549 2662 641 2703 luae]
668 2666 689 2679 “
702 2663 753 2693 Sic
766 2664 841 2694 olim
857 2667 948 2695 nota·
995 2665 1049 2696 Or.
1068 2666 1176 2697 Klotz.

172 2705 230 2732 tur
240 2713 258 2732 a
271 2703 385 2733 Fulvio
402 2704 520 2734 Ursino
530 2707 563 2735 ct
576 2715 594 2735 a
605 2705 763 2737 Lambino
778 2707 948 2737 inventum
1037 2711 1070 2738 tu
1089 2710 1145 2739 isti
1161 2711 1288 2752 aderis]
1337 2716 1346 2728 ‘
1358 2712 1436 2742 Will
1451 2723 1515 2753 you
1532 2713 1605 2753 give
1620 2725 1702 2754 your
1720 2724 1768 2744 as·

172 2756 240 2775 esse
270 2745 303 2775 in
335 2746 496 2777 codicibus
527 2748 601 2784 suis,
629 2759 750 2789 nosque
780 2750 813 2780 in
838 2750 948 2780 Guelf-
992 2752 1131 2783 sistance
1154 2756 1189 2784 to
1212 2754 1279 2784 this
1301 2755 1501 2792 defendant,'
1525 2757 1580 2787 διο.
1627 2757 1685 2787 See
1711 2757 1768 2787 the

173 2788 340 2828 erbytanis
366 2789 557 2821 invenimus.
612 2791 720 2822 Havn.
746 2793 816 2823 coll.
843 2793 917 2824 silet
927 2794 947 2806 '’
992 2797 1069 2825 note
1085 2806 1125 2826 on
1143 2797 1292 2834 ‘adesse,'
1309 2798 1380 2828 Lib.
1398 2800 1428 2828 2.
1446 2809 1472 2829 0.
1489 2800 1541 2830 29.

175 2831 334 2871 (Zumpt).
394 2832 462 2863 The
492 2844 640 2865 common
669 2836 815 2877 reading,
842 2836 947 2867 which
1035 2838 1217 2881 obstruaeit]
1264 2840 1332 2872 The
1358 2841 1412 2872 old
1434 2842 1571 2883 reading
1589 2842 1616 2874 is
1638 2842 1766 2872 ‘obtru-
