1849 3167
178 146 263 188 446
779 146 848 190 IN
880 146 925 189 O.
958 146 1215 189 VERREM

177 260 409 316 provinciis
440 261 756 317 intelligebant,
789 262 825 303 si
855 261 890 303 is
921 260 995 316 qui
1025 268 1134 303 esset
1164 276 1262 302 cum
1290 260 1470 317 imperio
1501 277 1548 304 ac
1578 256 1787 318 potestate

179 328 292 382 quod
323 328 437 383 apud
467 343 679 383 quemque
710 333 818 369 esset
849 342 987 368 emere
1017 327 1159 376 vellet,
1183 327 1312 383 idque
1342 328 1381 369 ei
1409 328 1568 379 liceret,
1602 329 1690 370 fore
1720 329 1786 370 uti

179 394 293 448 quod
321 393 500 448 quisque
525 393 668 443 vellet,
692 394 780 434 sive
802 398 910 433 esset
931 392 1083 433 venale
1104 393 1193 434 sive
1213 408 1300 434 non
1321 398 1439 443 esset,
1474 395 1624 449 quanti
1654 395 1785 436 Vellet

179 459 379 500 auferret.
454 459 581 500 Dicet
612 458 779 514 aliquis,
812 457 915 499 Noli
944 457 1026 499 isto
1056 459 1181 500 modo
1212 474 1339 514 agere
1369 473 1467 499 cum
1495 459 1653 501 Verre:
1697 460 1788 502 noli

180 524 270 580 ejus
301 524 415 566 facta
446 525 500 566 ad
531 525 733 579 antiquae
764 523 987 579 religionis
1017 524 1227 566 rationem
1248 524 1496 580 exquirere:
1528 527 1708 568 concede
1738 532 1785 568 ut

179 590 356 645 impune
387 590 551 639 emerit,
584 590 709 630 modo
740 595 788 630 ut
818 590 930 631 bona
960 582 1141 631 ration-e*
1148 590 1311 640 emerit,
1334 590 1446 631 nihil
1466 605 1543 644 pro
1564 596 1784 645 potestate,

178 656 291 697 nihil
322 657 375 697 ab
406 656 555 704 invito,
588 655 701 696 nihil
730 671 807 710 per
836 655 1054 711 injuriam.
1117 655 1187 697 Sic
1228 672 1366 712 agam.
1429 656 1475 697 Si
1505 656 1610 711 quid
1638 658 1793 699 venalex

179 721 330 763 habuit
352 722 499 770 Heius,
524 721 559 762 si
579 721 625 762 id
645 721 797 778 quanti
819 721 1072 763 aestimabat
1092 722 1206 763 tanti
1237 722 1448 772 vendidit,
1482 722 1628 767 desino
1659 738 1786 778 quae-

179 803 273 829 rere
295 803 369 829 cur
391 802 555 828 emeris.

236 853 316 893 VI.
352 852 466 898 Quid
486 852 622 907 igitur
643 852 764 895 nobis
785 852 1029 894 faciendum
1050 858 1112 894 est
1130 854 1150 895 Ρ
1179 869 1285 894 num
1301 853 1565 909 argumentis
1581 853 1789 895 utendum

178 918 225 958 in
265 934 311 959 re
351 919 593 974 ejusmodi?
666 918 968 965 Quaerendum
1009 920 1133 961 credo
1175 924 1238 960 est
1278 920 1414 961 Heius
1454 919 1534 961 iste
1573 935 1679 960 num
1719 935 1798 968 aes
1818 946 1841 951 -

179 983 367 1025 alienum
398 984 609 1034 habuerit,
632 1000 738 1025 num
759 985 1000 1026 auctionem
1020 985 1193 1027 fecerit:
1217 986 1252 1027 si
1273 985 1386 1036 fecit,
1409 1000 1515 1026 num
1534 991 1656 1026 tanta
1677 984 1786 1026 diffi-

179 1050 314 1091 cultas
336 1065 433 1091 eum
454 1050 516 1092 rei
536 1050 802 1092 nummariae
823 1051 1022 1100 tenuerit,
1045 1056 1166 1092 tanta
1180 1057 1357 1107 egestas,
1375 1057 1495 1092 tanta
1509 1051 1573 1093 vis
1588 1049 1790 1106 presserit

178 1121 228 1156 ut
248 1116 479 1157 sacrarium
501 1132 624 1157 51111111
645 1116 858 1171 spoliaret,
875 1121 924 1157 ut
945 1117 1043 1158 deos
1055 1117 1216 1171 patrios
1232 1118 1446 1159 venderet.
1490 1116 1551 1157 At
1572 1116 1790 1157 hominem

179 1181 303 1223 video
334 1183 574 1223 auctionem
604 1183 752 1224 fecisse
782 1182 973 1233 nullam3
1018 1183 1258 1224 vendidisse
1298 1188 1466 1238 praeter
1498 1183 1662 1224 fructus
1694 1196 1789 1223 suos

179 1248 291 1288 nihil
312 1264 526 1304 unquam3
558 1264 644 1289 non
675 1249 799 1290 modo
830 1249 877 1289 in
905 1265 1000 1290 aere
1021 1249 1160 1290 alieno
1180 1249 1312 1300 nullo,
1335 1250 1409 1291 sed
1428 1250 1475 1290 in
1496 1249 1582 1291 suis
1602 1248 1788 1290 nummis

180 1314 332 1355 multis
354 1330 443 1356 esse
464 1320 506 1355 et
527 1330 692 1369 semper
714 1314 845 1356 fuisse
863 1330 872 1364 ;
905 1314 942 1355 si
963 1315 1067 1355 haec
1088 1320 1236 1356 contra
1264 1331 1311 1356 ac
1344 1315 1438 1356 dico
1472 1314 1611 1356 essent
1631 1312 1786 1362 omnia,

179 1385 324 1422 tamen
345 1380 470 1420 illum
489 1380 594 1421 haec
615 1395 723 1435 quae
744 1385 807 1420 tot
840 1394 973 1420 annos
1005 1379 1052 1419 in
1085 1379 1250 1420 familia
1280 1379 1546 1434 sacrarioque
1577 1379 1788 1435 majorum

180 1446 361 1487 fuissent
395 1445 672 1486 venditurum
705 1460 791 1486 11011
824 1444 965 1485 fuisse.
1030 1443 1144 1490 Quid
1179 1444 1215 1485 si
1246 1445 1545 1500 magnitudine
1584 1444 1789 1500 pecuniae

180 1526 430 1568 persuasum
450 1516 514 1552 est
528 1511 548 1552 Ῥ
606 1509 852 1552 Verisimile
872 1525 959 1551 non
981 1514 1043 1551 est
1063 1514 1112 1550 ut
1132 1509 1205 1551 ille
1225 1510 1352 1552 homo
1367 1515 1457 1556 tam
1476 1510 1675 1565 locuples,
1698 1514 1789 1550 tam

179 1578 394 1627 honestus,
417 1575 618 1632 religioni
639 1591 737 1617 suae
760 1569 1142 1631 'monumentisque
1174 1575 1387 1631 majorum
1412 1575 1639 1630 pecuniam
1669 1580 1787 1631 ante-

180 1648 369 1699 poneret.
452 1642 562 1683 Sunt
597 1642 703 1691 ista;
746 1647 1044 1683 verumtamen
1074 1642 1343 1682 abducuntur
1369 1641 1564 1682 homines
1590 1655 1787 1681 nonnun-

181 1725 311 1766 quam
343 1709 472 1751 etiam
505 1709 557 1749 ab
588 1708 798 1749 institutis
828 1708 914 1749 suis
949 1707 1248 1764 magnitudine
1279 1707 1496 1762 pecuniae.
1557 1706 1790 1749 Videamus

182 1781 342 1832 quanta
362 1775 444 1817 ista
464 1774 644 1831 pecunia
666 1773 796 1815 fuerit
816 1789 925 1829 quae
946 1774 1135 1830 potuerit
1156 1773 1330 1823 Heium,
1353 1772 1572 1815 hominem
1602 1772 1789 1814 maxime

1055 1939 1086 1970 6.
1119 1939 1302 1981 presserit]
1360 1939 1429 1970 The
1466 1939 1604 1980 reading
1640 1938 1678 1970 of
1710 1938 1742 1969 R
1758 1940 1789 1976 3,

1011 1983 1119 2013 which
1149 1983 1176 2013 is
1200 1983 1380 2023 preferable
1404 1985 1440 2013 to
1470 1982 1709 2024 ‘oppresserit,'
1732 1982 1791 2013 the

1012 2027 1149 2067 reading
1171 2027 1209 2057 of
1225 2026 1336 2057 Orelli.
1382 2026 1446 2057 For
1469 2026 1537 2057 this
1562 2036 1619 2057 1150
1646 2026 1683 2057 of
1700 2029 1790 2066 ‘pre-

1012 2080 1101 2100 mere
1112 2070 1121 2082 '
1135 2070 1255 2110 Zumpt
1265 2070 1365 2100 refers
1377 2072 1413 2100 to
1429 2069 1494 2100 Pro
1506 2070 1600 2100 Rosc.
1611 2070 1685 2100 Am.
1699 2079 1725 2100 0.
1737 2070 1789 2100 34.

184 1941 306 1971 dantur
316 1940 337 1953 '³
356 1939 411 1980 (iv.
428 1939 496 1980 21).
542 1939 584 1969 In
600 1939 672 1969 Lib.
690 1940 720 1970 1.
739 1949 765 1970 0.
783 1941 813 1975 1,
830 1940 924 1971 there
939 1939 966 1970 is

185 1988 206 2002 “
216 1987 253 2015 ut
271 1984 312 2014 ad
327 1983 513 2014 audendum
529 1983 702 2023 projectus,
715 1983 760 2013 510
775 1986 910 2024 paratus
926 1983 968 2013 ad

184 2027 416 2058 audiendum.”
462 2026 566 2057 There
589 2027 615 2056 is
639 2037 658 2057 a
681 2027 774 2067 good,
799 2037 835 2057 or
859 2037 877 2057 a
903 2027 968 2057 bad

186 2071 332 2111 example
355 2070 393 2101 of
412 2070 676 2106 ‘ainiominatio,'
697 2070 880 2100 whichever
896 2081 968 2111 way

185 2115 243 2145 the
256 2114 369 2144 reader
380 2114 509 2144 01100505
518 2116 553 2143 to
563 2113 641 2144 take
651 2113 730 2149 it,in
741 2113 964 2144 Phil.ii.c.11:
1053 2114 1089 2143 in
1105 2113 1197 2154 aere]
1245 2113 1403 2153 Compare
1431 2113 1512 2144 Hor.
1538 2114 1559 2143 2
1586 2113 1645 2153 Ep.
1671 2113 1704 2143 ii.
1726 2113 1768 2143 12
1780 2125 1790 2149 ;

187 2162 208 2175 “
219 2157 274 2197 qui
290 2168 341 2187 me
357 2167 421 2187 non
439 2157 542 2187 solum
562 2157 642 2187 meis
657 2157 807 2187 laudibus
822 2159 965 2193 ornaret,
1011 2156 1076 2187 Pro
1093 2156 1186 2187 Rosc.
1204 2156 1292 2187 Com.
1310 2167 1337 2187 0.
1355 2158 1385 2193 8,
1404 2156 1457 2186 ‘in
1472 2156 1537 2186 suis
1552 2156 1694 2186 nummis
1719 2165 1790 2185 ver-

186 2201 243 2231 sed
265 2200 365 2231 etiam
388 2202 538 2230 oneraret
565 2200 710 2230 alienis.''
765 2200 885 2240 Zumpt
911 2200 966 2231 ob-
1011 2200 1166 2230 sabatur?
1227 2200 1328 2230 ‘Aes'
1359 2200 1385 2229 is
1416 2210 1435 2229 3
1464 2199 1596 2239 general
1624 2201 1709 2228 term
1739 2197 1791 2227 for

187 2254 305 2280 serveS,
322 2243 397 2274 that
414 2243 536 2279 Cicero,
553 2243 681 2283 though
704 2243 745 2273 he
768 2243 917 2284 indulges
932 2244 967 2273 in

1011 2253 1150 2283 money:
1177 2243 1297 2273 ‘etiam
1322 2252 1435 2272 aureos
1458 2251 1607 2271 nummos
1632 2251 1684 2271 aes
1711 2240 1790 2270 dici-

188 2287 255 2318 this
271 2287 376 2327 figure
392 2289 427 2317 to
443 2297 529 2316 some
546 2289 670 2322 extent,
687 2286 781 2316 takes
804 2297 893 2317 more
914 2286 968 2317 de-

1013 2286 1107 2316 mus’
1134 2286 1223 2325 (Ulp.
1255 2285 1332 2325 Dig.
1366 2285 1417 2315 50.
1444 2284 1495 2315 16.
1524 2283 1614 2324 159).
1658 2283 1789 2323 Aga'm:

187 2331 275 2371 light
291 2330 325 2360 in
338 2330 544 2369 contrasting
555 2330 669 2369 things
683 2329 727 2369 by
738 2340 848 2359 means
864 2329 901 2359 of
911 2330 968 2360 the

188 2373 413 2414 prepositions,
438 2383 471 2402 as
496 2373 590 2402 when
612 2372 653 2402 he
676 2382 808 2412 opposes
836 2373 968 2412 ‘depor-

188 2416 280 2448 tare'
296 2420 332 2446 to
349 2419 357 2432 ‘
368 2415 553 2455 asportare’
572 2414 658 2454 (Lib.
675 2416 705 2444 1.
723 2425 749 2445 0.
767 2415 813 2455 4).

233 2470 302 2490 cum
318 2459 457 2499 imperio
474 2468 513 2487 ac·
523 2457 709 2498 potestate]
758 2458 816 2488 See
833 2468 860 2488 c.
877 2459 931 2488 20.

233 2503 327 2534 modo
343 2504 380 2532 ut
398 2525 404 2532 .
423 2525 430 2531 .
446 2501 588 2542 eme7·z't‚]
635 2501 703 2531 The
719 2501 821 2531 whole
842 2511 968 2540 expres-

190 2547 260 2577 sion
279 2545 431 2587 (concede
447 2547 497 2580 ut,
514 2544 584 2585 &c.)
602 2554 713 2574 means
731 2544 818 2581 thjs3
843 2548 863 2560 “
875 2544 969 2574 allow

189 2591 266 2621 that
282 2590 323 2620 110
338 2588 432 2619 made
448 2588 515 2619 this
530 2587 689 2628 purchase
704 2587 845 2618 without
861 2587 969 2617 incur-

191 2634 267 2673 ring
290 2633 347 2663 the
370 2632 504 2673 penalty
528 2631 565 2661 of
582 2631 640 2661 the
665 2630 756 2666 ‘lex,'
781 2630 811 2660 if
828 2630 869 2660 he
892 2630 967 2671 only

191 2677 286 2707 made
301 2676 329 2706 it
345 2686 386 2705 on
401 2675 465 2706 fair
480 2674 616 2711 terms,’'
633 2673 688 2704 &cn
702 2686 708 2703 z
732 2673 782 2704 for
792 2673 858 2704 this
868 2684 968 2704 seems

191 2722 227 2750 to
256 2719 296 2749 be
326 2719 384 2749 the
414 2718 568 2758 meaning
604 2717 641 2748 of
675 2721 683 2734 ‘
698 2717 782 2747 bona
819 2716 968 2747 ratione?

192 2762 312 2792 ‘Modo
327 2762 385 2792 ut’
401 2771 513 2792 occurs
537 2761 571 2791 in
597 2761 750 2797 Terence,
774 2760 899 2790 Andria
922 2759 968 2799 (ii.

192 2807 223 2836 4.
248 2806 294 2845 6),
319 2804 440 2835 ‘Modo
455 2807 494 2835 ut
509 2804 650 2845 possim,’
676 2803 724 2834 ‘if
747 2804 763 2834 I
787 2803 862 2844 only
887 2803 968 2839 0311,’

192 2848 300 2879 which
315 2847 341 2877 is
356 2847 450 2878 there
466 2857 500 2878 as
515 2848 613 2879 much
637 2857 671 2878 as
686 2849 722 2878 to
737 2857 805 2889 say,
829 2850 838 2864 ‘
849 2846 866 2877 I
889 2846 970 2877 m‘sh

192 2892 209 2922 I
226 2901 301 2931 may
316 2891 356 2921 be
371 2890 466 2922 able?

1015 2333 1035 2346 “
1046 2330 1110 2359 Aes
1126 2329 1268 2358 alienum
1284 2329 1333 2358 est
1349 2327 1435 2367 quod
1450 2337 1507 2357 nos
1524 2327 1594 2357 aliis
1618 2327 1790 2363 debemus3

1013 2382 1066 2402 aes
1076 2381 1169 2401 suum
1186 2373 1235 2401 est
1251 2370 1337 2410 quod
1352 2370 1408 2401 alii
1423 2371 1515 2401 nobis
1531 2370 1652 2401 debent
1661 2370 1682 2383 '³
1700 2370 1791 2412 (Ulp.

1014 2414 1089 2454 Dig.
1108 2415 1158 2444 50.
1176 2415 1227 2444 16.
1245 2413 1334 2454 213).

1056 2459 1172 2487 eontra
1203 2457 1259 2498 ae]
1308 2457 1366 2488 See
1397 2457 1461 2488 Pro
1492 2456 1605 2493 Balbo,
1631 2467 1658 2487 0.
1685 2457 1705 2487 3
1715 2469 1725 2493 3
1750 2456 1791 2487 Ι11

1013 2500 1121 2531 Ρ15011.
1139 2511 1164 2531 0.
1182 2501 1212 2531 8.
1257 2500 1334 2531 Α15ο
1351 2504 1360 2517 ‘
1373 2503 1487 2531 contra
1503 2500 1623 2540 atque,'
1650 2500 1690 2530 In
1717 2499 1791 2531 Cat.

1013 2543 1058 2573 iii.
1080 2545 1110 2574 8.
1136 2543 1248 2574 Cicero
1273 2554 1345 2574 uses
1373 2546 1507 2574 ‘contra
1532 2543 1651 2584 quam,'
1675 2543 1727 2573 Ad
1751 2542 1789 2580 Q.

1014 2586 1067 2617 Fr.
1100 2588 1128 2617 1.
1158 2588 1186 2617 1.
1219 2598 1246 2618 0.
1286 2588 1315 2624 1,
1350 2588 1506 2618 “factum
1534 2589 1584 2617 est
1608 2586 1694 2617 enim
1720 2596 1793 2616 mea

1013 2630 1107 2670 culpa
1124 2633 1237 2661 contra
1253 2641 1349 2671 quam
1372 2634 1411 2661 tu
1426 2640 1553 2661 mecum
1571 2653 1578 2660 .
1596 2653 1604 2660 .
1622 2653 1628 2659 .
1646 2628 1792 2670 egeras.'’

1051 2684 1249 2713 per-suasum
1279 2676 1327 2704 est
1339 2673 1369 2715 ?]
1431 2674 1552 2713 Zumpt
1583 2673 1647 2703 and
1682 2673 1792 2703 others

1013 2717 1093 2747 omit
1111 2721 1120 2734 ‘
1131 2718 1160 2748 ei
1172 2718 1181 2731 ’
1197 2718 1307 2748 before
1320 2721 1329 2734 ‘
1341 2716 1551 2758 persuasum?
1581 2715 1683 2746 Orelli
1694 2715 1792 2755 keeps

1014 2760 1084 2790 ‘ei.'
1298 2774 1300 2776 ·

1064 2804 1246 2834 Verisimile
1273 2827 1281 2834 .
1309 2827 1316 2834 .
1341 2803 1394 2845 ut]
1442 2803 1561 2843 Zumpt
1584 2810 1747 2842 compares
1772 2809 1792 2828 a

1014 2846 1079 2878 like
1101 2858 1236 2888 passage
1260 2848 1296 2878 in
1318 2847 1377 2878 the
1400 2846 1530 2878 oration
1552 2845 1617 2876 Pro
1640 2843 1738 2879 Sulla,
1762 2851 1790 2872 c..
