<?xml version="1.0" encoding="UTF-8"?>
<!DOCTYPE html PUBLIC "-//W3C//DTD XHTML 1.0 Transitional//EN"
    "http://www.w3.org/TR/xhtml1/DTD/xhtml1-transitional.dtd">
<html xmlns="http://www.w3.org/1999/xhtml" xml:lang="en" lang="en">
 <head>
  <title>
</title>
<meta http-equiv="Content-Type" content="text/html;charset=utf-8" />
  <meta name='ocr-system' content='tesseract 3.04.00' />
  <meta name='ocr-capabilities' content='ocr_page ocr_carea ocr_par ocr_line ocrx_word'/>
</head>
<body>
  <div class='ocr_page' id='page_1' title='image "./orationeswithcom01ciceuoft/orationeswithcom01ciceuoft_0414.png"; bbox 0 0 1849 3167; ppageno 0'>
   <div class='ocr_carea' id='block_1_1' title="bbox 180 117 1200 163">
    <p class='ocr_par' dir='ltr' id='par_1_1' title="bbox 180 117 1200 163">
     <span class='ocr_line' id='line_1_1' title="bbox 180 117 1200 163; baseline 0 -3"><span class='ocrx_word' id='word_1_1' title='bbox 180 119 266 161; x_wconf 84' lang='lat'>396</span> <span class='ocrx_word' id='word_1_2' title='bbox 764 118 834 163; x_wconf 90' lang='lat' dir='ltr'>IN</span> <span class='ocrx_word' id='word_1_3' title='bbox 865 118 911 161; x_wconf 85' lang='lat' dir='ltr'>O.</span> <span class='ocrx_word' id='word_1_4' title='bbox 943 117 1200 161; x_wconf 85' lang='lat' dir='ltr'>VERREM</span> 
     </span>
    </p>
   </div>
   <div class='ocr_carea' id='block_1_2' title="bbox 160 233 1792 1868">
    <p class='ocr_par' dir='ltr' id='par_1_2' title="bbox 175 233 1778 608">
     <span class='ocr_line' id='line_1_2' title="bbox 178 233 1778 290; baseline 0.001 -16"><span class='ocrx_word' id='word_1_5' title='bbox 178 233 328 275; x_wconf 90' lang='lat' dir='ltr'>tudine</span> <span class='ocrx_word' id='word_1_6' title='bbox 357 233 560 289; x_wconf 87' lang='lat' dir='ltr'>peccandi</span> <span class='ocrx_word' id='word_1_7' title='bbox 589 233 735 284; x_wconf 89' lang='lat' dir='ltr'>libera,</span> <span class='ocrx_word' id='word_1_8' title='bbox 767 233 897 275; x_wconf 91' lang='lat' dir='ltr'>finem</span> <span class='ocrx_word' id='word_1_9' title='bbox 926 233 1126 275; x_wconf 82' lang='lat' dir='ltr'>audaciae</span> <span class='ocrx_word' id='word_1_10' title='bbox 1155 238 1205 275; x_wconf 93' lang='lat' dir='ltr'>ut</span> <span class='ocrx_word' id='word_1_11' title='bbox 1234 237 1418 276; x_wconf 75' lang='lat' dir='ltr'>statuere</span> <span class='ocrx_word' id='word_1_12' title='bbox 1447 233 1537 290; x_wconf 90' lang='lat' dir='ltr'>ipse</span> <span class='ocrx_word' id='word_1_13' title='bbox 1571 234 1652 277; x_wconf 91' lang='lat' dir='ltr'>sibi</span> <span class='ocrx_word' id='word_1_14' title='bbox 1691 250 1778 277; x_wconf 90' lang='lat' dir='ltr'>non</span> 
     </span>
     <span class='ocr_line' id='line_1_3' title="bbox 178 298 1778 356; baseline -0.001 -14"><span class='ocrx_word' id='word_1_15' title='bbox 178 300 323 356; x_wconf 88' lang='lat' dir='ltr'>possit.</span> <span class='ocrx_word' id='word_1_16' title='bbox 384 300 570 342; x_wconf 79' lang='lat' dir='ltr'>Tenetur</span> <span class='ocrx_word' id='word_1_17' title='bbox 595 300 730 355; x_wconf 91' lang='lat' dir='ltr'>igitur</span> <span class='ocrx_word' id='word_1_18' title='bbox 754 299 995 354; x_wconf 84' lang='lat' dir='ltr'>aliquando,</span> <span class='ocrx_word' id='word_1_19' title='bbox 1018 303 1061 340; x_wconf 91' lang='lat' dir='ltr'>et</span> <span class='ocrx_word' id='word_1_20' title='bbox 1087 298 1133 341; x_wconf 90' lang='lat' dir='ltr'>in</span> <span class='ocrx_word' id='word_1_21' title='bbox 1163 299 1287 340; x_wconf 88' lang='lat' dir='ltr'>rebus</span> <span class='ocrx_word' id='word_1_22' title='bbox 1312 315 1444 354; x_wconf 90' lang='lat' dir='ltr'>quum</span> <span class='ocrx_word' id='word_1_23' title='bbox 1467 300 1665 342; x_wconf 81' lang='lat' dir='ltr'>maximis</span> <span class='ocrx_word' id='word_1_24' title='bbox 1685 305 1778 341; x_wconf 90' lang='lat' dir='ltr'>tum</span> 
     </span>
     <span class='ocr_line' id='line_1_4' title="bbox 177 364 1777 420; baseline -0.001 -12"><span class='ocrx_word' id='word_1_25' title='bbox 177 366 414 409; x_wconf 75' lang='lat' dir='ltr'>manifestis</span> <span class='ocrx_word' id='word_1_26' title='bbox 434 372 615 408; x_wconf 90' lang='lat' dir='ltr'>tenetur.</span> <span class='ocrx_word' id='word_1_27' title='bbox 675 365 820 420; x_wconf 89' lang='lat' dir='ltr'>Atque</span> <span class='ocrx_word' id='word_1_28' title='bbox 851 365 897 405; x_wconf 89' lang='lat' dir='ltr'>in</span> <span class='ocrx_word' id='word_1_29' title='bbox 927 379 1021 406; x_wconf 88' lang='lat' dir='ltr'>eam</span> <span class='ocrx_word' id='word_1_30' title='bbox 1041 364 1235 406; x_wconf 85' lang='lat' dir='ltr'>fraudem</span> <span class='ocrx_word' id='word_1_31' title='bbox 1255 365 1424 406; x_wconf 78' lang='lat' dir='ltr'>videtur</span> <span class='ocrx_word' id='word_1_32' title='bbox 1442 366 1551 407; x_wconf 88' lang='lat' dir='ltr'>mihi</span> <span class='ocrx_word' id='word_1_33' title='bbox 1571 366 1777 407; x_wconf 84' lang='lat' dir='ltr'>divinitus</span> 
     </span>
     <span class='ocr_line' id='line_1_5' title="bbox 176 430 1774 486; baseline -0.001 -11"><span class='ocrx_word' id='word_1_34' title='bbox 176 434 387 484; x_wconf 85' lang='lat' dir='ltr'>incidisse,</span> <span class='ocrx_word' id='word_1_35' title='bbox 405 448 492 475; x_wconf 93' lang='lat' dir='ltr'>non</span> <span class='ocrx_word' id='word_1_36' title='bbox 513 432 650 474; x_wconf 87' lang='lat' dir='ltr'>solum</span> <span class='ocrx_word' id='word_1_37' title='bbox 668 437 717 473; x_wconf 89' lang='lat' dir='ltr'>ut</span> <span class='ocrx_word' id='word_1_38' title='bbox 737 447 806 472; x_wconf 85' lang='lat' dir='ltr'>eas</span> <span class='ocrx_word' id='word_1_39' title='bbox 827 445 982 486; x_wconf 87' lang='lat' dir='ltr'>poenas</span> <span class='ocrx_word' id='word_1_40' title='bbox 1003 445 1106 486; x_wconf 87' lang='lat' dir='ltr'>quas</span> <span class='ocrx_word' id='word_1_41' title='bbox 1126 430 1320 486; x_wconf 78' lang='lat' dir='ltr'>proxime</span> <span class='ocrx_word' id='word_1_42' title='bbox 1339 432 1560 473; x_wconf 81' lang='lat' dir='ltr'>meruisset</span> <span class='ocrx_word' id='word_1_43' title='bbox 1581 432 1774 483; x_wconf 82' lang='lat' dir='ltr'>solveret,</span> 
     </span>
     <span class='ocr_line' id='line_1_6' title="bbox 176 496 1774 553; baseline -0.003 -11"><span class='ocrx_word' id='word_1_44' title='bbox 176 501 250 542; x_wconf 91' lang='lat' dir='ltr'>sed</span> <span class='ocrx_word' id='word_1_45' title='bbox 270 505 318 541; x_wconf 89' lang='lat' dir='ltr'>ut</span> <span class='ocrx_word' id='word_1_46' title='bbox 338 500 413 541; x_wconf 83' lang='lat' dir='ltr'>illa</span> <span class='ocrx_word' id='word_1_47' title='bbox 429 499 559 541; x_wconf 86' lang='lat' dir='ltr'>etiam</span> <span class='ocrx_word' id='word_1_48' title='bbox 578 498 735 540; x_wconf 85' lang='lat' dir='ltr'>scelera</span> <span class='ocrx_word' id='word_1_49' title='bbox 751 497 785 553; x_wconf 88' lang='lat' dir='ltr'>ej</span> <span class='ocrx_word' id='word_1_50' title='bbox 793 512 840 538; x_wconf 89' lang='lat' dir='ltr'>us</span> <span class='ocrx_word' id='word_1_51' title='bbox 860 496 907 539; x_wconf 89' lang='lat' dir='ltr'>in</span> <span class='ocrx_word' id='word_1_52' title='bbox 921 496 1156 539; x_wconf 84' lang='lat' dir='ltr'>Carbonem</span> <span class='ocrx_word' id='word_1_53' title='bbox 1177 500 1219 538; x_wconf 88' lang='lat' dir='ltr'>et</span> <span class='ocrx_word' id='word_1_54' title='bbox 1239 496 1286 538; x_wconf 86' lang='lat' dir='ltr'>in</span> <span class='ocrx_word' id='word_1_55' title='bbox 1301 496 1566 539; x_wconf 85' lang='lat' dir='ltr'>Dolabellam</span> <span class='ocrx_word' id='word_1_56' title='bbox 1584 497 1774 540; x_wconf 74' lang='lat' dir='ltr'>vindica-</span> 
     </span>
     <span class='ocr_line' id='line_1_7' title="bbox 175 571 337 608; baseline -0.012 0"><span class='ocrx_word' id='word_1_57' title='bbox 175 571 337 608; x_wconf 90' lang='lat' dir='ltr'>rentur.</span> 
     </span>
    </p>

    <p class='ocr_par' dir='ltr' id='par_1_3' title="bbox 160 626 1792 1868">
     <span class='ocr_line' id='line_1_8' title="bbox 232 626 1774 684; baseline -0.002 -11"><span class='ocrx_word' id='word_1_58' title='bbox 232 630 466 673; x_wconf 81' lang='lat' dir='ltr'>LXXVII.</span> <span class='ocrx_word' id='word_1_59' title='bbox 499 628 673 671; x_wconf 83' lang='lat' dir='ltr'>Etenim</span> <span class='ocrx_word' id='word_1_60' title='bbox 698 643 810 670; x_wconf 81' lang='lat' dir='ltr'>nova</span> <span class='ocrx_word' id='word_1_61' title='bbox 836 642 1003 683; x_wconf 92' lang='lat' dir='ltr'>quoque</span> <span class='ocrx_word' id='word_1_62' title='bbox 1031 626 1115 669; x_wconf 87' lang='lat' dir='ltr'>alia</span> <span class='ocrx_word' id='word_1_63' title='bbox 1140 642 1219 677; x_wconf 90' lang='lat' dir='ltr'>res,</span> <span class='ocrx_word' id='word_1_64' title='bbox 1237 626 1415 684; x_wconf 85' lang='lat' dir='ltr'>judiees,</span> <span class='ocrx_word' id='word_1_65' title='bbox 1445 627 1590 670; x_wconf 80' lang='lat' dir='ltr'>extitit</span> <span class='ocrx_word' id='word_1_66' title='bbox 1618 628 1666 670; x_wconf 89' lang='lat' dir='ltr'>in</span> <span class='ocrx_word' id='word_1_67' title='bbox 1694 628 1774 670; x_wconf 85' lang='lat' dir='ltr'>hoc</span> 
     </span>
     <span class='ocr_line' id='line_1_9' title="bbox 174 683 1792 752; baseline -0.002 -14"><span class='ocrx_word' id='word_1_68' title='bbox 174 697 352 738; x_wconf 91' lang='lat' dir='ltr'>crimine</span> <span class='ocrx_word' id='word_1_69' title='bbox 373 711 479 752; x_wconf 87' lang='lat' dir='ltr'>quae</span> <span class='ocrx_word' id='word_1_70' title='bbox 500 695 624 737; x_wconf 83' lang='lat' dir='ltr'>tollat</span> <span class='ocrx_word' id='word_1_71' title='bbox 645 709 815 736; x_wconf 88' lang='lat' dir='ltr'>omnem</span> <span class='ocrx_word' id='word_1_72' title='bbox 835 693 1145 736; x_wconf 85' lang='lat' dir='ltr'>dubitationem</span> <span class='ocrx_word' id='word_1_73' title='bbox 1166 693 1394 749; x_wconf 89' lang='lat' dir='ltr'>superioris</span> <span class='ocrx_word' id='word_1_74' title='bbox 1414 693 1530 735; x_wconf 87' lang='lat' dir='ltr'>illius</span> <span class='ocrx_word' id='word_1_75' title='bbox 1551 683 1792 736; x_wconf 49' lang='lat' dir='ltr'>decumani¹</span> 
     </span>
     <span class='ocr_line' id='line_1_10' title="bbox 173 759 1774 815; baseline 0 -11"><span class='ocrx_word' id='word_1_76' title='bbox 173 763 375 805; x_wconf 89' lang='lat' dir='ltr'>criminis.</span> <span class='ocrx_word' id='word_1_77' title='bbox 448 761 562 804; x_wconf 87' lang='lat' dir='ltr'>Nam</span> <span class='ocrx_word' id='word_1_78' title='bbox 593 765 642 803; x_wconf 93' lang='lat' dir='ltr'>ut</span> <span class='ocrx_word' id='word_1_79' title='bbox 670 760 790 802; x_wconf 68' lang='lat' dir='ltr'>illud</span> <span class='ocrx_word' id='word_1_80' title='bbox 829 760 1006 803; x_wconf 89' lang='lat' dir='ltr'>missum</span> <span class='ocrx_word' id='word_1_81' title='bbox 1045 759 1213 810; x_wconf 84' lang='lat' dir='ltr'>faciam,</span> <span class='ocrx_word' id='word_1_82' title='bbox 1245 760 1479 815; x_wconf 84' lang='lat' dir='ltr'>permultos</span> <span class='ocrx_word' id='word_1_83' title='bbox 1511 766 1695 804; x_wconf 89' lang='lat' dir='ltr'>aratores</span> <span class='ocrx_word' id='word_1_84' title='bbox 1726 762 1774 804; x_wconf 91' lang='lat' dir='ltr'>in</span> 
     </span>
     <span class='ocr_line' id='line_1_11' title="bbox 172 825 1774 883; baseline -0.001 -13"><span class='ocrx_word' id='word_1_85' title='bbox 172 829 327 870; x_wconf 89' lang='lat' dir='ltr'>alteras</span> <span class='ocrx_word' id='word_1_86' title='bbox 348 828 545 869; x_wconf 81' lang='lat' dir='ltr'>decumas</span> <span class='ocrx_word' id='word_1_87' title='bbox 566 831 608 867; x_wconf 90' lang='lat' dir='ltr'>et</span> <span class='ocrx_word' id='word_1_88' title='bbox 628 826 675 867; x_wconf 93' lang='lat' dir='ltr'>in</span> <span class='ocrx_word' id='word_1_89' title='bbox 695 826 799 867; x_wconf 86' lang='lat' dir='ltr'>haec</span> <span class='ocrx_word' id='word_1_90' title='bbox 820 826 1068 881; x_wconf 82' lang='lat' dir='ltr'>octingenta</span> <span class='ocrx_word' id='word_1_91' title='bbox 1087 825 1225 866; x_wconf 89' lang='lat' dir='ltr'>millia</span> <span class='ocrx_word' id='word_1_92' title='bbox 1244 825 1434 867; x_wconf 77' lang='lat' dir='ltr'>modium</span> <span class='ocrx_word' id='word_1_93' title='bbox 1455 827 1568 882; x_wconf 91' lang='lat' dir='ltr'>quod</span> <span class='ocrx_word' id='word_1_94' title='bbox 1583 832 1774 883; x_wconf 87' lang='lat' dir='ltr'>emptum</span> 
     </span>
     <span class='ocr_line' id='line_1_12' title="bbox 170 890 1771 950; baseline -0.001 -15"><span class='ocrx_word' id='word_1_95' title='bbox 170 894 326 950; x_wconf 88' lang='lat' dir='ltr'>populo</span> <span class='ocrx_word' id='word_1_96' title='bbox 347 893 540 934; x_wconf 87' lang='lat' dir='ltr'>Romano</span> <span class='ocrx_word' id='word_1_97' title='bbox 561 892 712 933; x_wconf 83' lang='lat' dir='ltr'>darent</span> <span class='ocrx_word' id='word_1_98' title='bbox 738 906 826 932; x_wconf 91' lang='lat' dir='ltr'>non</span> <span class='ocrx_word' id='word_1_99' title='bbox 854 890 1064 938; x_wconf 84' lang='lat' dir='ltr'>habuisse,</span> <span class='ocrx_word' id='word_1_100' title='bbox 1088 895 1130 932; x_wconf 90' lang='lat' dir='ltr'>et</span> <span class='ocrx_word' id='word_1_101' title='bbox 1151 906 1175 932; x_wconf 88' lang='lat' dir='ltr'>a</span> <span class='ocrx_word' id='word_1_102' title='bbox 1194 896 1268 932; x_wconf 92' lang='lat' dir='ltr'>tuo</span> <span class='ocrx_word' id='word_1_103' title='bbox 1287 897 1572 946; x_wconf 86' lang='lat' dir='ltr'>procuratore,</span> <span class='ocrx_word' id='word_1_104' title='bbox 1593 892 1673 934; x_wconf 88' lang='grc'>1100</span> <span class='ocrx_word' id='word_1_105' title='bbox 1694 898 1771 944; x_wconf 89' lang='lat' dir='ltr'>est,</span> 
     </span>
     <span class='ocr_line' id='line_1_13' title="bbox 170 955 1772 1014; baseline -0.001 -13"><span class='ocrx_word' id='word_1_106' title='bbox 170 960 223 1001; x_wconf 88' lang='lat' dir='ltr'>ab</span> <span class='ocrx_word' id='word_1_107' title='bbox 255 958 460 1014; x_wconf 87' lang='lat' dir='ltr'>Apronio,</span> <span class='ocrx_word' id='word_1_108' title='bbox 502 957 664 1006; x_wconf 82' lang='lat' dir='ltr'>emisse,</span> <span class='ocrx_word' id='word_1_109' title='bbox 706 972 760 998; x_wconf 74' lang='lat' dir='ltr'>ex</span> <span class='ocrx_word' id='word_1_110' title='bbox 799 972 883 1012; x_wconf 91' lang='lat' dir='ltr'>quo</span> <span class='ocrx_word' id='word_1_111' title='bbox 922 955 1113 1012; x_wconf 86' lang='lat' dir='ltr'>intelligi</span> <span class='ocrx_word' id='word_1_112' title='bbox 1151 961 1290 1011; x_wconf 88' lang='lat' dir='ltr'>potest</span> <span class='ocrx_word' id='word_1_113' title='bbox 1320 956 1432 998; x_wconf 84' lang='lat' dir='ltr'>nihil</span> <span class='ocrx_word' id='word_1_114' title='bbox 1462 961 1505 998; x_wconf 92' lang='lat' dir='ltr'>te</span> <span class='ocrx_word' id='word_1_115' title='bbox 1537 958 1772 1000; x_wconf 88' lang='lat' dir='ltr'>aratoribus</span> 
     </span>
     <span class='ocr_line' id='line_1_14' title="bbox 168 1014 1772 1081; baseline -0.001 -14"><span class='ocrx_word' id='word_1_116' title='bbox 168 1025 323 1081; x_wconf 88' lang='lat' dir='ltr'>reliqui</span> <span class='ocrx_word' id='word_1_117' title='bbox 344 1024 514 1066; x_wconf 84' lang='lat' dir='ltr'>fecisse:</span> <span class='ocrx_word' id='word_1_118' title='bbox 545 1029 595 1064; x_wconf 94' lang='lat' dir='ltr'>ut</span> <span class='ocrx_word' id='word_1_119' title='bbox 623 1023 703 1065; x_wconf 90' lang='lat' dir='ltr'>hoc</span> <span class='ocrx_word' id='word_1_120' title='bbox 733 1028 1008 1078; x_wconf 83' lang='lat' dir='ltr'>praeteream,</span> <span class='ocrx_word' id='word_1_121' title='bbox 1031 1022 1146 1077; x_wconf 90' lang='lat' dir='ltr'>quod</span> <span class='ocrx_word' id='word_1_122' title='bbox 1171 1022 1405 1064; x_wconf 87' lang='lat' dir='ltr'>multorum</span> <span class='ocrx_word' id='word_1_123' title='bbox 1426 1027 1488 1064; x_wconf 91' lang='lat' dir='ltr'>est</span> <span class='ocrx_word' id='word_1_124' title='bbox 1517 1014 1772 1065; x_wconf 88' lang='lat' dir='ltr'>testimoniis</span> 
     </span>
     <span class='ocr_line' id='line_1_15' title="bbox 168 1087 1772 1147; baseline -0.001 -15"><span class='ocrx_word' id='word_1_125' title='bbox 168 1091 419 1147; x_wconf 84' lang='lat' dir='ltr'>expositum,</span> <span class='ocrx_word' id='word_1_126' title='bbox 441 1094 581 1146; x_wconf 87' lang='lat' dir='ltr'>potest</span> <span class='ocrx_word' id='word_1_127' title='bbox 600 1089 675 1130; x_wconf 89' lang='lat' dir='ltr'>illo</span> <span class='ocrx_word' id='word_1_128' title='bbox 695 1089 931 1144; x_wconf 85' lang='lat' dir='ltr'>quidquam</span> <span class='ocrx_word' id='word_1_129' title='bbox 951 1103 1038 1129; x_wconf 88' lang='lat' dir='ltr'>esse</span> <span class='ocrx_word' id='word_1_130' title='bbox 1058 1087 1226 1138; x_wconf 86' lang='lat' dir='ltr'>certius,</span> <span class='ocrx_word' id='word_1_131' title='bbox 1249 1087 1296 1128; x_wconf 91' lang='lat' dir='ltr'>in</span> <span class='ocrx_word' id='word_1_132' title='bbox 1319 1092 1394 1129; x_wconf 86' lang='lat' dir='ltr'>tua</span> <span class='ocrx_word' id='word_1_133' title='bbox 1413 1093 1622 1143; x_wconf 84' lang='lat' dir='ltr'>potestate</span> <span class='ocrx_word' id='word_1_134' title='bbox 1643 1093 1772 1144; x_wconf 85' lang='lat' dir='ltr'>atque</span> 
     </span>
     <span class='ocr_line' id='line_1_16' title="bbox 167 1153 1772 1210; baseline 0 -13"><span class='ocrx_word' id='word_1_135' title='bbox 167 1156 214 1197; x_wconf 91' lang='lat' dir='ltr'>in</span> <span class='ocrx_word' id='word_1_136' title='bbox 234 1156 318 1197; x_wconf 88' lang='lat' dir='ltr'>tuis</span> <span class='ocrx_word' id='word_1_137' title='bbox 338 1155 501 1197; x_wconf 86' lang='lat' dir='ltr'>horreis</span> <span class='ocrx_word' id='word_1_138' title='bbox 518 1170 642 1196; x_wconf 91' lang='lat' dir='ltr'>omne</span> <span class='ocrx_word' id='word_1_139' title='bbox 662 1154 925 1196; x_wconf 85' lang='lat' dir='ltr'>frumentum</span> <span class='ocrx_word' id='word_1_140' title='bbox 938 1153 1107 1195; x_wconf 82' lang='lat' dir='ltr'>Siciliae</span> <span class='ocrx_word' id='word_1_141' title='bbox 1126 1168 1203 1209; x_wconf 87' lang='lat' dir='ltr'>per</span> <span class='ocrx_word' id='word_1_142' title='bbox 1222 1153 1458 1195; x_wconf 87' lang='lat' dir='ltr'>triennium</span> <span class='ocrx_word' id='word_1_143' title='bbox 1479 1159 1607 1210; x_wconf 86' lang='lat' dir='ltr'>atque</span> <span class='ocrx_word' id='word_1_144' title='bbox 1626 1170 1772 1197; x_wconf 88' lang='lat' dir='ltr'>omnes</span> 
     </span>
     <span class='ocr_line' id='line_1_17' title="bbox 166 1219 1772 1277; baseline -0.001 -13"><span class='ocrx_word' id='word_1_145' title='bbox 166 1222 329 1264; x_wconf 87' lang='lat' dir='ltr'>fructus</span> <span class='ocrx_word' id='word_1_146' title='bbox 355 1221 449 1277; x_wconf 83' lang='lat' dir='ltr'>agri</span> <span class='ocrx_word' id='word_1_147' title='bbox 470 1221 694 1262; x_wconf 88' lang='lat' dir='ltr'>decumani</span> <span class='ocrx_word' id='word_1_148' title='bbox 714 1220 875 1262; x_wconf 80' lang='lat' dir='ltr'>fuisse?</span> <span class='ocrx_word' id='word_1_149' title='bbox 937 1220 1080 1267; x_wconf 79' lang='lat' dir='ltr'>Quum</span> <span class='ocrx_word' id='word_1_150' title='bbox 1109 1219 1223 1260; x_wconf 91' lang='lat' dir='ltr'>enim</span> <span class='ocrx_word' id='word_1_151' title='bbox 1254 1235 1278 1261; x_wconf 85' lang='lat' dir='ltr'>a</span> <span class='ocrx_word' id='word_1_152' title='bbox 1308 1219 1552 1262; x_wconf 85' lang='lat' dir='ltr'>civitatibus</span> <span class='ocrx_word' id='word_1_153' title='bbox 1581 1236 1658 1276; x_wconf 87' lang='lat' dir='ltr'>pro</span> <span class='ocrx_word' id='word_1_154' title='bbox 1681 1221 1772 1262; x_wconf 89' lang='lat' dir='ltr'>fru-</span> 
     </span>
     <span class='ocr_line' id='line_1_18' title="bbox 165 1285 1769 1343; baseline -0.001 -13"><span class='ocrx_word' id='word_1_155' title='bbox 165 1294 309 1330; x_wconf 90' lang='lat' dir='ltr'>mento</span> <span class='ocrx_word' id='word_1_156' title='bbox 348 1287 574 1343; x_wconf 89' lang='lat' dir='ltr'>pecuniam</span> <span class='ocrx_word' id='word_1_157' title='bbox 609 1286 822 1342; x_wconf 81' lang='lat' dir='ltr'>exigebas,</span> <span class='ocrx_word' id='word_1_158' title='bbox 856 1286 970 1328; x_wconf 91' lang='lat' dir='ltr'>unde</span> <span class='ocrx_word' id='word_1_159' title='bbox 1009 1291 1101 1327; x_wconf 91' lang='lat' dir='ltr'>erat</span> <span class='ocrx_word' id='word_1_160' title='bbox 1133 1285 1395 1326; x_wconf 87' lang='lat' dir='ltr'>frumentum</span> <span class='ocrx_word' id='word_1_161' title='bbox 1435 1286 1548 1341; x_wconf 90' lang='lat' dir='ltr'>quod</span> <span class='ocrx_word' id='word_1_162' title='bbox 1586 1285 1769 1328; x_wconf 87' lang='lat' dir='ltr'>Romam</span> 
     </span>
     <span class='ocr_line' id='line_1_19' title="bbox 165 1351 1768 1406; baseline -0.001 -11"><span class='ocrx_word' id='word_1_163' title='bbox 165 1354 368 1403; x_wconf 86' lang='lat' dir='ltr'>mitteres,</span> <span class='ocrx_word' id='word_1_164' title='bbox 396 1353 432 1394; x_wconf 91' lang='lat' dir='ltr'>si</span> <span class='ocrx_word' id='word_1_165' title='bbox 461 1357 510 1393; x_wconf 91' lang='lat' dir='ltr'>tu</span> <span class='ocrx_word' id='word_1_166' title='bbox 538 1352 585 1393; x_wconf 91' lang='lat' dir='ltr'>id</span> <span class='ocrx_word' id='word_1_167' title='bbox 613 1367 700 1393; x_wconf 92' lang='lat' dir='ltr'>non</span> <span class='ocrx_word' id='word_1_168' title='bbox 730 1367 854 1393; x_wconf 92' lang='lat' dir='ltr'>omne</span> <span class='ocrx_word' id='word_1_169' title='bbox 885 1351 1075 1393; x_wconf 88' lang='lat' dir='ltr'>clausum</span> <span class='ocrx_word' id='word_1_170' title='bbox 1105 1356 1147 1392; x_wconf 91' lang='lat' dir='ltr'>et</span> <span class='ocrx_word' id='word_1_171' title='bbox 1178 1366 1462 1405; x_wconf 88' lang='lat' dir='ltr'>compressum</span> <span class='ocrx_word' id='word_1_172' title='bbox 1492 1351 1768 1406; x_wconf 81' lang='lat' dir='ltr'>possidebas?</span> 
     </span>
     <span class='ocr_line' id='line_1_20' title="bbox 164 1416 1766 1473; baseline -0.002 -12"><span class='ocrx_word' id='word_1_173' title='bbox 164 1419 234 1461; x_wconf 88' lang='lat' dir='ltr'>Ita</span> <span class='ocrx_word' id='word_1_174' title='bbox 264 1420 311 1461; x_wconf 90' lang='lat' dir='ltr'>in</span> <span class='ocrx_word' id='word_1_175' title='bbox 341 1434 389 1460; x_wconf 93' lang='lat' dir='ltr'>eo</span> <span class='ocrx_word' id='word_1_176' title='bbox 419 1418 634 1459; x_wconf 88' lang='lat' dir='ltr'>frumento</span> <span class='ocrx_word' id='word_1_177' title='bbox 663 1417 826 1473; x_wconf 89' lang='lat' dir='ltr'>primus</span> <span class='ocrx_word' id='word_1_178' title='bbox 855 1417 937 1458; x_wconf 83' lang='lat' dir='ltr'>tibi</span> <span class='ocrx_word' id='word_1_179' title='bbox 965 1417 1038 1458; x_wconf 90' lang='lat' dir='ltr'>ille</span> <span class='ocrx_word' id='word_1_180' title='bbox 1068 1422 1268 1472; x_wconf 86' lang='lat' dir='ltr'>quaestus</span> <span class='ocrx_word' id='word_1_181' title='bbox 1298 1421 1388 1457; x_wconf 86' lang='lat' dir='ltr'>erat</span> <span class='ocrx_word' id='word_1_182' title='bbox 1418 1416 1559 1472; x_wconf 90' lang='lat' dir='ltr'>ipsum</span> <span class='ocrx_word' id='word_1_183' title='bbox 1577 1417 1766 1459; x_wconf 81' lang='lat' dir='ltr'>frumen-</span> 
     </span>
     <span class='ocr_line' id='line_1_21' title="bbox 163 1480 1768 1540; baseline -0.002 -13"><span class='ocrx_word' id='word_1_184' title='bbox 163 1491 256 1527; x_wconf 88' lang='lat' dir='ltr'>tum</span> <span class='ocrx_word' id='word_1_185' title='bbox 277 1485 389 1540; x_wconf 91' lang='lat' dir='ltr'>quod</span> <span class='ocrx_word' id='word_1_186' title='bbox 410 1490 500 1525; x_wconf 88' lang='lat' dir='ltr'>erat</span> <span class='ocrx_word' id='word_1_187' title='bbox 525 1488 717 1539; x_wconf 86' lang='lat' dir='ltr'>ereptum</span> <span class='ocrx_word' id='word_1_188' title='bbox 745 1484 797 1524; x_wconf 90' lang='lat' dir='ltr'>ab</span> <span class='ocrx_word' id='word_1_189' title='bbox 818 1482 1078 1524; x_wconf 86' lang='lat' dir='ltr'>aratoribus:</span> <span class='ocrx_word' id='word_1_190' title='bbox 1111 1482 1231 1532; x_wconf 88' lang='lat' dir='ltr'>alter,</span> <span class='ocrx_word' id='word_1_191' title='bbox 1255 1482 1368 1537; x_wconf 91' lang='lat' dir='ltr'>quod</span> <span class='ocrx_word' id='word_1_192' title='bbox 1392 1480 1479 1538; x_wconf 85' lang='lat' dir='ltr'>[id]</span> <span class='ocrx_word' id='word_1_193' title='bbox 1504 1482 1768 1524; x_wconf 84' lang='lat' dir='ltr'>frumentum</span> 
     </span>
     <span class='ocr_line' id='line_1_22' title="bbox 161 1547 1767 1606; baseline -0.002 -14"><span class='ocrx_word' id='word_1_194' title='bbox 161 1550 471 1606; x_wconf 84' lang='lat' dir='ltr'>improbissime</span> <span class='ocrx_word' id='word_1_195' title='bbox 495 1565 570 1605; x_wconf 90' lang='lat' dir='ltr'>per</span> <span class='ocrx_word' id='word_1_196' title='bbox 597 1549 832 1590; x_wconf 85' lang='lat' dir='ltr'>triennium</span> <span class='ocrx_word' id='word_1_197' title='bbox 856 1554 1028 1604; x_wconf 87' lang='lat' dir='ltr'>partum</span> <span class='ocrx_word' id='word_1_198' title='bbox 1051 1563 1138 1589; x_wconf 88' lang='lat' dir='ltr'>non</span> <span class='ocrx_word' id='word_1_199' title='bbox 1169 1547 1299 1589; x_wconf 88' lang='lat' dir='ltr'>semel</span> <span class='ocrx_word' id='word_1_200' title='bbox 1323 1548 1396 1588; x_wconf 90' lang='lat' dir='ltr'>sed</span> <span class='ocrx_word' id='word_1_201' title='bbox 1419 1548 1496 1597; x_wconf 91' lang='lat' dir='ltr'>bis,</span> <span class='ocrx_word' id='word_1_202' title='bbox 1518 1563 1656 1603; x_wconf 90' lang='lat' dir='ltr'>neque</span> <span class='ocrx_word' id='word_1_203' title='bbox 1681 1563 1767 1589; x_wconf 93' lang='lat' dir='ltr'>uno</span> 
     </span>
     <span class='ocr_line' id='line_1_23' title="bbox 162 1613 1768 1671; baseline -0.002 -13"><span class='ocrx_word' id='word_1_204' title='bbox 162 1617 235 1658; x_wconf 84' lang='lat' dir='ltr'>sed</span> <span class='ocrx_word' id='word_1_205' title='bbox 270 1617 430 1658; x_wconf 92' lang='lat' dir='ltr'>duobus</span> <span class='ocrx_word' id='word_1_206' title='bbox 462 1615 623 1671; x_wconf 86' lang='lat' dir='ltr'>pretiis,</span> <span class='ocrx_word' id='word_1_207' title='bbox 657 1629 792 1655; x_wconf 90' lang='lat' dir='ltr'>unum</span> <span class='ocrx_word' id='word_1_208' title='bbox 824 1619 866 1655; x_wconf 91' lang='lat' dir='ltr'>et</span> <span class='ocrx_word' id='word_1_209' title='bbox 897 1614 1012 1655; x_wconf 91' lang='lat' dir='ltr'>idem</span> <span class='ocrx_word' id='word_1_210' title='bbox 1043 1613 1308 1654; x_wconf 85' lang='lat' dir='ltr'>frumentum</span> <span class='ocrx_word' id='word_1_211' title='bbox 1339 1613 1595 1655; x_wconf 80' lang='lat' dir='ltr'>vendidisti:</span> <span class='ocrx_word' id='word_1_212' title='bbox 1637 1614 1768 1655; x_wconf 88' lang='lat' dir='ltr'>semel</span> 
     </span>
     <span class='ocr_line' id='line_1_24' title="bbox 161 1678 1766 1735; baseline -0.001 -12"><span class='ocrx_word' id='word_1_213' title='bbox 161 1682 405 1723; x_wconf 73' lang='lat' dir='ltr'>civitatibus</span> <span class='ocrx_word' id='word_1_214' title='bbox 435 1680 511 1722; x_wconf 82' lang='lat' dir='ltr'>HS</span> <span class='ocrx_word' id='word_1_215' title='bbox 541 1694 602 1722; x_wconf 81' lang='lat' dir='ltr'>xv</span> <span class='ocrx_word' id='word_1_216' title='bbox 631 1680 678 1721; x_wconf 86' lang='lat' dir='ltr'>in</span> <span class='ocrx_word' id='word_1_217' title='bbox 707 1679 985 1729; x_wconf 87' lang='lat' dir='ltr'>medimnum,</span> <span class='ocrx_word' id='word_1_218' title='bbox 1018 1678 1175 1720; x_wconf 87' lang='lat' dir='ltr'>iterum</span> <span class='ocrx_word' id='word_1_219' title='bbox 1204 1678 1360 1734; x_wconf 89' lang='lat' dir='ltr'>populo</span> <span class='ocrx_word' id='word_1_220' title='bbox 1390 1678 1597 1729; x_wconf 85' lang='lat' dir='ltr'>Romano,</span> <span class='ocrx_word' id='word_1_221' title='bbox 1627 1695 1652 1721; x_wconf 87' lang='lat' dir='ltr'>a</span> <span class='ocrx_word' id='word_1_222' title='bbox 1682 1695 1766 1735; x_wconf 93' lang='lat' dir='ltr'>quo</span> 
     </span>
     <span class='ocr_line' id='line_1_25' title="bbox 160 1744 1766 1800; baseline -0.001 -11"><span class='ocrx_word' id='word_1_223' title='bbox 160 1748 236 1789; x_wconf 79' lang='lat' dir='ltr'>HS</span> <span class='ocrx_word' id='word_1_224' title='bbox 263 1762 343 1788; x_wconf 80' lang='lat' dir='ltr'>xxi</span> <span class='ocrx_word' id='word_1_225' title='bbox 367 1747 414 1788; x_wconf 91' lang='lat' dir='ltr'>in</span> <span class='ocrx_word' id='word_1_226' title='bbox 437 1746 653 1788; x_wconf 86' lang='lat' dir='ltr'>medimna</span> <span class='ocrx_word' id='word_1_227' title='bbox 676 1760 753 1800; x_wconf 89' lang='lat' dir='ltr'>pro</span> <span class='ocrx_word' id='word_1_228' title='bbox 774 1746 921 1786; x_wconf 91' lang='lat' dir='ltr'>eodem</span> <span class='ocrx_word' id='word_1_229' title='bbox 941 1745 1015 1786; x_wconf 87' lang='lat' dir='ltr'>illo</span> <span class='ocrx_word' id='word_1_230' title='bbox 1036 1744 1250 1786; x_wconf 85' lang='lat' dir='ltr'>frumento</span> <span class='ocrx_word' id='word_1_231' title='bbox 1282 1744 1630 1786; x_wconf 89' lang='lat' dir='ltr'>abstulisti.—At</span> <span class='ocrx_word' id='word_1_232' title='bbox 1651 1745 1766 1787; x_wconf 90' lang='lat' dir='ltr'>enim</span> 
     </span>
     <span class='ocr_line' id='line_1_26' title="bbox 160 1810 1766 1868; baseline -0.001 -13"><span class='ocrx_word' id='word_1_233' title='bbox 160 1814 422 1855; x_wconf 87' lang='lat' dir='ltr'>frumentum</span> <span class='ocrx_word' id='word_1_234' title='bbox 459 1812 838 1868; x_wconf 84' lang='lat' dir='ltr'>Centuripinorum</span> <span class='ocrx_word' id='word_1_235' title='bbox 877 1817 920 1854; x_wconf 92' lang='lat' dir='ltr'>et</span> <span class='ocrx_word' id='word_1_236' title='bbox 951 1811 1342 1867; x_wconf 88' lang='lat' dir='ltr'>Agrigentinorum</span> <span class='ocrx_word' id='word_1_237' title='bbox 1381 1815 1424 1852; x_wconf 91' lang='lat' dir='ltr'>et</span> <span class='ocrx_word' id='word_1_238' title='bbox 1462 1810 1766 1853; x_wconf 88' lang='lat' dir='ltr'>nonnullorum</span> 
     </span>
    </p>
   </div>
   <div class='ocr_carea' id='block_1_3' title="bbox 158 1918 942 2915">
    <p class='ocr_par' dir='ltr' id='par_1_4' title="bbox 158 1918 942 2689">
     <span class='ocr_line' id='line_1_27' title="bbox 159 1918 936 1952; baseline -0.004 0"><span class='ocrx_word' id='word_1_239' title='bbox 159 1922 231 1952; x_wconf 85' lang='lat' dir='ltr'>who</span> <span class='ocrx_word' id='word_1_240' title='bbox 246 1921 305 1952; x_wconf 79' lang='lat' dir='ltr'>has</span> <span class='ocrx_word' id='word_1_241' title='bbox 319 1921 401 1951; x_wconf 88' lang='lat' dir='ltr'>been</span> <span class='ocrx_word' id='word_1_242' title='bbox 416 1919 623 1951; x_wconf 88' lang='lat' dir='ltr'>accustomcd</span> <span class='ocrx_word' id='word_1_243' title='bbox 638 1922 673 1950; x_wconf 89' lang='lat' dir='ltr'>to</span> <span class='ocrx_word' id='word_1_244' title='bbox 685 1919 818 1950; x_wconf 81' lang='lat' dir='ltr'>observe</span> <span class='ocrx_word' id='word_1_245' title='bbox 833 1918 936 1949; x_wconf 83' lang='lat' dir='ltr'>hand-</span> 
     </span>
     <span class='ocr_line' id='line_1_28' title="bbox 159 1962 936 2005; baseline -0.004 -10"><span class='ocrx_word' id='word_1_246' title='bbox 159 1966 303 2005; x_wconf 79' lang='lat' dir='ltr'>writing.</span> <span class='ocrx_word' id='word_1_247' title='bbox 335 1965 351 1994; x_wconf 91' lang='lat' dir='ltr'>I</span> <span class='ocrx_word' id='word_1_248' title='bbox 368 1964 446 1995; x_wconf 80' lang='lat' dir='ltr'>take</span> <span class='ocrx_word' id='word_1_249' title='bbox 463 1968 471 1980; x_wconf 92' lang='lat'>‘</span> <span class='ocrx_word' id='word_1_250' title='bbox 482 1968 601 1994; x_wconf 82' lang='lat' dir='ltr'>natura</span> <span class='ocrx_word' id='word_1_251' title='bbox 614 1963 622 1976; x_wconf 91' lang='lat'><em>&#39;</em></span> <span class='ocrx_word' id='word_1_252' title='bbox 638 1966 674 1993; x_wconf 86' lang='lat' dir='ltr'>to</span> <span class='ocrx_word' id='word_1_253' title='bbox 689 1963 729 1994; x_wconf 89' lang='lat' dir='ltr'>be</span> <span class='ocrx_word' id='word_1_254' title='bbox 745 1962 823 1993; x_wconf 82' lang='lat' dir='ltr'>used</span> <span class='ocrx_word' id='word_1_255' title='bbox 839 1973 936 2003; x_wconf 84' lang='lat' dir='ltr'>gene-</span> 
     </span>
     <span class='ocr_line' id='line_1_29' title="bbox 159 2006 942 2049; baseline -0.004 -10"><span class='ocrx_word' id='word_1_256' title='bbox 159 2009 252 2049; x_wconf 66' lang='lat' dir='ltr'>rally,</span> <span class='ocrx_word' id='word_1_257' title='bbox 279 2008 343 2039; x_wconf 91' lang='lat' dir='ltr'>and</span> <span class='ocrx_word' id='word_1_258' title='bbox 369 2010 427 2038; x_wconf 91' lang='lat' dir='ltr'>not</span> <span class='ocrx_word' id='word_1_259' title='bbox 452 2010 487 2038; x_wconf 80' lang='lat' dir='ltr'>to</span> <span class='ocrx_word' id='word_1_260' title='bbox 513 2018 608 2037; x_wconf 88' lang='grc'>11101111</span> <span class='ocrx_word' id='word_1_261' title='bbox 632 2007 689 2037; x_wconf 85' lang='lat' dir='ltr'>the</span> <span class='ocrx_word' id='word_1_262' title='bbox 715 2006 873 2037; x_wconf 86' lang='lat' dir='ltr'>‘natura’</span> <span class='ocrx_word' id='word_1_263' title='bbox 904 2006 942 2036; x_wconf 85' lang='lat' dir='ltr'>of</span> 
     </span>
     <span class='ocr_line' id='line_1_30' title="bbox 160 2049 939 2092; baseline -0.004 -10"><span class='ocrx_word' id='word_1_264' title='bbox 160 2053 277 2083; x_wconf 79' lang='lat' dir='ltr'>Verres</span> <span class='ocrx_word' id='word_1_265' title='bbox 294 2052 379 2092; x_wconf 70' lang='lat' dir='ltr'>only.</span> <span class='ocrx_word' id='word_1_266' title='bbox 419 2051 538 2091; x_wconf 82' lang='lat' dir='ltr'>Zumpt</span> <span class='ocrx_word' id='word_1_267' title='bbox 555 2051 581 2080; x_wconf 91' lang='lat' dir='ltr'>is</span> <span class='ocrx_word' id='word_1_268' title='bbox 596 2050 747 2086; x_wconf 74' lang='lat' dir='ltr'>inclined,</span> <span class='ocrx_word' id='word_1_269' title='bbox 764 2060 805 2080; x_wconf 93' lang='lat' dir='ltr'>on</span> <span class='ocrx_word' id='word_1_270' title='bbox 822 2049 939 2080; x_wconf 81' lang='lat' dir='ltr'>second</span> 
     </span>
     <span class='ocr_line' id='line_1_31' title="bbox 158 2093 938 2135; baseline -0.005 -9"><span class='ocrx_word' id='word_1_271' title='bbox 158 2095 329 2135; x_wconf 79' lang='lat' dir='ltr'>thoughts,</span> <span class='ocrx_word' id='word_1_272' title='bbox 355 2099 390 2125; x_wconf 84' lang='lat' dir='ltr'>to</span> <span class='ocrx_word' id='word_1_273' title='bbox 414 2094 512 2125; x_wconf 85' lang='lat' dir='ltr'>think</span> <span class='ocrx_word' id='word_1_274' title='bbox 537 2094 612 2124; x_wconf 83' lang='lat' dir='ltr'>that</span> <span class='ocrx_word' id='word_1_275' title='bbox 639 2093 796 2124; x_wconf 82' lang='lat' dir='ltr'>‘natura’</span> <span class='ocrx_word' id='word_1_276' title='bbox 828 2093 854 2123; x_wconf 90' lang='lat' dir='ltr'>is</span> <span class='ocrx_word' id='word_1_277' title='bbox 879 2096 938 2123; x_wconf 89' lang='lat' dir='ltr'>not</span> 
     </span>
     <span class='ocr_line' id='line_1_32' title="bbox 159 2137 937 2178; baseline -0.004 -9"><span class='ocrx_word' id='word_1_278' title='bbox 159 2139 228 2169; x_wconf 83' lang='lat' dir='ltr'>said</span> <span class='ocrx_word' id='word_1_279' title='bbox 244 2138 434 2178; x_wconf 74' lang='lat' dir='ltr'>absolutely.</span> <span class='ocrx_word' id='word_1_280' title='bbox 469 2138 536 2168; x_wconf 87' lang='lat' dir='ltr'>The</span> <span class='ocrx_word' id='word_1_281' title='bbox 552 2138 636 2168; x_wconf 84' lang='lat' dir='ltr'>form</span> <span class='ocrx_word' id='word_1_282' title='bbox 652 2137 689 2167; x_wconf 83' lang='lat' dir='ltr'>of</span> <span class='ocrx_word' id='word_1_283' title='bbox 700 2137 757 2167; x_wconf 81' lang='lat' dir='ltr'>the</span> <span class='ocrx_word' id='word_1_284' title='bbox 773 2137 845 2167; x_wconf 88' lang='lat' dir='ltr'>first</span> <span class='ocrx_word' id='word_1_285' title='bbox 860 2139 937 2176; x_wconf 84' lang='lat' dir='ltr'>part</span> 
     </span>
     <span class='ocr_line' id='line_1_33' title="bbox 159 2180 937 2220; baseline -0.004 -8"><span class='ocrx_word' id='word_1_286' title='bbox 159 2183 196 2213; x_wconf 86' lang='lat' dir='ltr'>ot&#39;</span> <span class='ocrx_word' id='word_1_287' title='bbox 206 2182 264 2212; x_wconf 80' lang='lat' dir='ltr'>the</span> <span class='ocrx_word' id='word_1_288' title='bbox 280 2185 431 2212; x_wconf 74' lang='lat' dir='ltr'>sentence</span> <span class='ocrx_word' id='word_1_289' title='bbox 440 2181 528 2211; x_wconf 80' lang='grc'>1011115</span> <span class='ocrx_word' id='word_1_290' title='bbox 540 2191 578 2211; x_wconf 85' lang='grc'>115</span> <span class='ocrx_word' id='word_1_291' title='bbox 594 2183 629 2211; x_wconf 88' lang='lat' dir='ltr'>to</span> <span class='ocrx_word' id='word_1_292' title='bbox 639 2183 753 2220; x_wconf 78' lang='lat' dir='ltr'>expect</span> <span class='ocrx_word' id='word_1_293' title='bbox 770 2191 788 2210; x_wconf 83' lang='lat' dir='ltr'>a</span> <span class='ocrx_word' id='word_1_294' title='bbox 804 2180 937 2220; x_wconf 85' lang='lat' dir='ltr'>general</span> 
     </span>
     <span class='ocr_line' id='line_1_34' title="bbox 158 2223 936 2264; baseline -0.003 -9"><span class='ocrx_word' id='word_1_295' title='bbox 158 2225 299 2261; x_wconf 77' lang='lat' dir='ltr'>remark,</span> <span class='ocrx_word' id='word_1_296' title='bbox 324 2225 384 2255; x_wconf 83' lang='lat' dir='ltr'>but</span> <span class='ocrx_word' id='word_1_297' title='bbox 409 2225 466 2255; x_wconf 83' lang='lat' dir='ltr'>the</span> <span class='ocrx_word' id='word_1_298' title='bbox 491 2225 554 2255; x_wconf 81' lang='lat' dir='ltr'>end</span> <span class='ocrx_word' id='word_1_299' title='bbox 580 2227 726 2264; x_wconf 84' lang='lat' dir='ltr'>presents</span> <span class='ocrx_word' id='word_1_300' title='bbox 750 2234 787 2254; x_wconf 92' lang='lat' dir='ltr'>us</span> <span class='ocrx_word' id='word_1_301' title='bbox 811 2223 893 2254; x_wconf 83' lang='lat' dir='ltr'>with</span> <span class='ocrx_word' id='word_1_302' title='bbox 917 2233 936 2253; x_wconf 85' lang='lat' dir='ltr'>a</span> 
     </span>
     <span class='ocr_line' id='line_1_35' title="bbox 159 2267 935 2309; baseline -0.004 -10"><span class='ocrx_word' id='word_1_303' title='bbox 159 2269 276 2309; x_wconf 88' lang='lat' dir='ltr'>special</span> <span class='ocrx_word' id='word_1_304' title='bbox 301 2268 507 2308; x_wconf 76' lang='lat' dir='ltr'>application,</span> <span class='ocrx_word' id='word_1_305' title='bbox 527 2268 557 2297; x_wconf 89' lang='lat' dir='ltr'>if</span> <span class='ocrx_word' id='word_1_306' title='bbox 577 2267 681 2307; x_wconf 86' lang='lat' dir='ltr'>‘ipse&#39;</span> <span class='ocrx_word' id='word_1_307' title='bbox 707 2268 796 2297; x_wconf 89' lang='lat' dir='ltr'>must</span> <span class='ocrx_word' id='word_1_308' title='bbox 816 2267 855 2297; x_wconf 92' lang='lat' dir='ltr'>be</span> <span class='ocrx_word' id='word_1_309' title='bbox 880 2277 935 2306; x_wconf 85' lang='lat' dir='ltr'>ap-</span> 
     </span>
     <span class='ocr_line' id='line_1_36' title="bbox 158 2310 935 2352; baseline -0.003 -10"><span class='ocrx_word' id='word_1_310' title='bbox 158 2312 245 2352; x_wconf 86' lang='lat' dir='ltr'>plied</span> <span class='ocrx_word' id='word_1_311' title='bbox 263 2314 298 2342; x_wconf 90' lang='lat' dir='ltr'>to</span> <span class='ocrx_word' id='word_1_312' title='bbox 315 2311 441 2341; x_wconf 75' lang='lat' dir='ltr'>Verres.</span> <span class='ocrx_word' id='word_1_313' title='bbox 488 2311 522 2341; x_wconf 88' lang='lat' dir='ltr'>It</span> <span class='ocrx_word' id='word_1_314' title='bbox 546 2321 646 2341; x_wconf 86' lang='lat' dir='ltr'>seems</span> <span class='ocrx_word' id='word_1_315' title='bbox 669 2310 822 2340; x_wconf 82' lang='lat' dir='ltr'>doubtful</span> <span class='ocrx_word' id='word_1_316' title='bbox 845 2310 874 2340; x_wconf 82' lang='lat' dir='ltr'>if</span> <span class='ocrx_word' id='word_1_317' title='bbox 892 2310 935 2340; x_wconf 85' lang='lat' dir='ltr'>all</span> 
     </span>
     <span class='ocr_line' id='line_1_37' title="bbox 158 2352 934 2395; baseline -0.003 -10"><span class='ocrx_word' id='word_1_318' title='bbox 158 2356 186 2386; x_wconf 89' lang='lat' dir='ltr'>is</span> <span class='ocrx_word' id='word_1_319' title='bbox 201 2355 303 2395; x_wconf 84' lang='lat' dir='ltr'>right.</span> <span class='ocrx_word' id='word_1_320' title='bbox 350 2354 450 2384; x_wconf 84' lang='lat' dir='ltr'>Klotz</span> <span class='ocrx_word' id='word_1_321' title='bbox 466 2354 523 2384; x_wconf 87' lang='lat' dir='ltr'>has</span> <span class='ocrx_word' id='word_1_322' title='bbox 540 2352 697 2384; x_wconf 87' lang='lat' dir='ltr'>‘insitum</span> <span class='ocrx_word' id='word_1_323' title='bbox 714 2353 770 2389; x_wconf 78' lang='lat' dir='ltr'>in,&#39;</span> <span class='ocrx_word' id='word_1_324' title='bbox 788 2353 852 2384; x_wconf 87' lang='lat' dir='ltr'>and</span> <span class='ocrx_word' id='word_1_325' title='bbox 868 2353 934 2383; x_wconf 88' lang='lat' dir='ltr'>also</span> 
     </span>
     <span class='ocr_line' id='line_1_38' title="bbox 159 2396 935 2439; baseline -0.004 -10"><span class='ocrx_word' id='word_1_326' title='bbox 159 2399 245 2439; x_wconf 85' lang='lat' dir='ltr'>‘ipse</span> <span class='ocrx_word' id='word_1_327' title='bbox 266 2398 325 2427; x_wconf 85' lang='lat' dir='ltr'>sibi</span> <span class='ocrx_word' id='word_1_328' title='bbox 346 2407 409 2427; x_wconf 91' lang='lat' dir='ltr'>non</span> <span class='ocrx_word' id='word_1_329' title='bbox 431 2397 552 2437; x_wconf 66' lang='lat' dir='ltr'>possit?</span> <span class='ocrx_word' id='word_1_330' title='bbox 598 2397 717 2436; x_wconf 84' lang='lat' dir='ltr'>Zumpt</span> <span class='ocrx_word' id='word_1_331' title='bbox 734 2397 798 2426; x_wconf 88' lang='lat' dir='ltr'>and</span> <span class='ocrx_word' id='word_1_332' title='bbox 815 2396 935 2426; x_wconf 87' lang='lat' dir='ltr'>Iordan</span> 
     </span>
     <span class='ocr_line' id='line_1_39' title="bbox 159 2440 934 2476; baseline -0.005 -3"><span class='ocrx_word' id='word_1_333' title='bbox 159 2442 240 2473; x_wconf 87' lang='lat' dir='ltr'>omit</span> <span class='ocrx_word' id='word_1_334' title='bbox 258 2445 266 2458; x_wconf 93' lang='lat'><em>‘</em></span> <span class='ocrx_word' id='word_1_335' title='bbox 277 2441 360 2476; x_wconf 88' lang='lat' dir='ltr'>sibi,&#39;</span> <span class='ocrx_word' id='word_1_336' title='bbox 377 2440 483 2470; x_wconf 77' lang='lat' dir='ltr'>which</span> <span class='ocrx_word' id='word_1_337' title='bbox 501 2440 527 2469; x_wconf 90' lang='lat' dir='ltr'>is</span> <span class='ocrx_word' id='word_1_338' title='bbox 543 2442 600 2470; x_wconf 90' lang='lat' dir='ltr'>not</span> <span class='ocrx_word' id='word_1_339' title='bbox 617 2440 651 2469; x_wconf 88' lang='lat' dir='ltr'>in</span> <span class='ocrx_word' id='word_1_340' title='bbox 667 2440 723 2470; x_wconf 87' lang='lat' dir='ltr'>the</span> <span class='ocrx_word' id='word_1_341' title='bbox 739 2440 811 2470; x_wconf 89' lang='lat' dir='ltr'>best</span> <span class='ocrx_word' id='word_1_342' title='bbox 827 2440 934 2476; x_wconf 71' lang='lat' dir='ltr'>MSS„</span> 
     </span>
     <span class='ocr_line' id='line_1_40' title="bbox 159 2482 934 2524; baseline -0.005 -8"><span class='ocrx_word' id='word_1_343' title='bbox 159 2486 224 2516; x_wconf 82' lang='lat' dir='ltr'>and</span> <span class='ocrx_word' id='word_1_344' title='bbox 248 2485 368 2524; x_wconf 87' lang='lat' dir='ltr'>Zumpt</span> <span class='ocrx_word' id='word_1_345' title='bbox 393 2493 464 2523; x_wconf 66' lang='lat' dir='ltr'>says</span> <span class='ocrx_word' id='word_1_346' title='bbox 494 2483 570 2513; x_wconf 83' lang='lat' dir='ltr'>that</span> <span class='ocrx_word' id='word_1_347' title='bbox 600 2483 628 2513; x_wconf 88' lang='lat' dir='ltr'>it</span> <span class='ocrx_word' id='word_1_348' title='bbox 658 2482 684 2512; x_wconf 88' lang='lat' dir='ltr'>is</span> <span class='ocrx_word' id='word_1_349' title='bbox 709 2485 767 2513; x_wconf 90' lang='lat' dir='ltr'>not</span> <span class='ocrx_word' id='word_1_350' title='bbox 792 2483 934 2519; x_wconf 81' lang='lat' dir='ltr'>wanted,</span> 
     </span>
     <span class='ocr_line' id='line_1_41' title="bbox 158 2525 934 2568; baseline -0.006 -8"><span class='ocrx_word' id='word_1_351' title='bbox 158 2530 293 2560; x_wconf 84' lang='lat' dir='ltr'>because</span> <span class='ocrx_word' id='word_1_352' title='bbox 316 2537 380 2568; x_wconf 73' lang='lat' dir='ltr'>you</span> <span class='ocrx_word' id='word_1_353' title='bbox 401 2537 461 2557; x_wconf 85' lang='grc'>01111</span> <span class='ocrx_word' id='word_1_354' title='bbox 477 2526 575 2566; x_wconf 71' lang='lat' dir='ltr'>easily</span> <span class='ocrx_word' id='word_1_355' title='bbox 591 2525 793 2556; x_wconf 83' lang='lat' dir='ltr'>understand</span> <span class='ocrx_word' id='word_1_356' title='bbox 817 2529 826 2542; x_wconf 90' lang='lat'>‘</span> <span class='ocrx_word' id='word_1_357' title='bbox 838 2536 914 2556; x_wconf 89' lang='lat' dir='ltr'>suae</span> <span class='ocrx_word' id='word_1_358' title='bbox 924 2526 934 2539; x_wconf 91' lang='lat'><em>&#39;</em></span> 
     </span>
     <span class='ocr_line' id='line_1_42' title="bbox 159 2569 935 2603; baseline -0.006 0"><span class='ocrx_word' id='word_1_359' title='bbox 159 2574 244 2603; x_wconf 78' lang='lat' dir='ltr'>after</span> <span class='ocrx_word' id='word_1_360' title='bbox 273 2570 466 2601; x_wconf 62' lang='lat' dir='ltr'>‘audaci-ac?</span> <span class='ocrx_word' id='word_1_361' title='bbox 512 2569 616 2600; x_wconf 86' lang='lat' dir='ltr'>There</span> <span class='ocrx_word' id='word_1_362' title='bbox 642 2569 669 2598; x_wconf 93' lang='lat' dir='ltr'>is</span> <span class='ocrx_word' id='word_1_363' title='bbox 693 2572 751 2599; x_wconf 91' lang='lat' dir='ltr'>not</span> <span class='ocrx_word' id='word_1_364' title='bbox 776 2569 874 2599; x_wconf 87' lang='lat' dir='ltr'>much</span> <span class='ocrx_word' id='word_1_365' title='bbox 900 2569 935 2598; x_wconf 90' lang='lat' dir='ltr'>in</span> 
     </span>
     <span class='ocr_line' id='line_1_43' title="bbox 158 2611 942 2647; baseline -0.008 0"><span class='ocrx_word' id='word_1_366' title='bbox 158 2617 216 2647; x_wconf 88' lang='lat' dir='ltr'>the</span> <span class='ocrx_word' id='word_1_367' title='bbox 246 2614 364 2646; x_wconf 84' lang='lat' dir='ltr'>second</span> <span class='ocrx_word' id='word_1_368' title='bbox 398 2623 511 2644; x_wconf 81' lang='lat' dir='ltr'>reason</span> <span class='ocrx_word' id='word_1_369' title='bbox 540 2612 591 2643; x_wconf 85' lang='lat' dir='ltr'>for</span> <span class='ocrx_word' id='word_1_370' title='bbox 625 2612 683 2642; x_wconf 81' lang='lat' dir='ltr'>the</span> <span class='ocrx_word' id='word_1_371' title='bbox 719 2612 870 2642; x_wconf 79' lang='lat' dir='ltr'>omission</span> <span class='ocrx_word' id='word_1_372' title='bbox 904 2611 942 2642; x_wconf 90' lang='lat' dir='ltr'>of</span> 
     </span>
     <span class='ocr_line' id='line_1_44' title="bbox 159 2659 261 2689; baseline 0 0"><span class='ocrx_word' id='word_1_373' title='bbox 159 2664 168 2677; x_wconf 93' lang='lat'>‘</span> <span class='ocrx_word' id='word_1_374' title='bbox 179 2659 261 2689; x_wconf 63' lang='lat' dir='ltr'>sibi?</span> 
     </span>
    </p>

    <p class='ocr_par' dir='ltr' id='par_1_5' title="bbox 158 2697 935 2820">
     <span class='ocr_line' id='line_1_45' title="bbox 203 2697 934 2739; baseline -0.007 -7"><span class='ocrx_word' id='word_1_375' title='bbox 203 2702 315 2733; x_wconf 76' lang='lat' dir='ltr'>Cicero</span> <span class='ocrx_word' id='word_1_376' title='bbox 337 2701 395 2731; x_wconf 82' lang='grc'>11115</span> <span class='ocrx_word' id='word_1_377' title='bbox 418 2711 437 2730; x_wconf 82' lang='lat' dir='ltr'>a</span> <span class='ocrx_word' id='word_1_378' title='bbox 459 2710 515 2730; x_wconf 89' lang='grc'>1150</span> <span class='ocrx_word' id='word_1_379' title='bbox 538 2699 574 2729; x_wconf 92' lang='lat' dir='ltr'>of</span> <span class='ocrx_word' id='word_1_380' title='bbox 594 2697 735 2739; x_wconf 85' lang='lat' dir='ltr'>‘serpit&#39;</span> <span class='ocrx_word' id='word_1_381' title='bbox 759 2697 793 2727; x_wconf 90' lang='lat' dir='ltr'>in</span> <span class='ocrx_word' id='word_1_382' title='bbox 812 2698 869 2728; x_wconf 81' lang='lat' dir='ltr'>the</span> <span class='ocrx_word' id='word_1_383' title='bbox 886 2697 934 2728; x_wconf 93' lang='lat' dir='ltr'>De</span> 
     </span>
     <span class='ocr_line' id='line_1_46' title="bbox 158 2741 935 2785; baseline -0.008 -9"><span class='ocrx_word' id='word_1_384' title='bbox 158 2746 313 2776; x_wconf 74' lang='lat' dir='ltr'>Amicitia</span> <span class='ocrx_word' id='word_1_385' title='bbox 339 2744 380 2785; x_wconf 88' lang='lat' dir='ltr'>(c.</span> <span class='ocrx_word' id='word_1_386' title='bbox 405 2743 459 2784; x_wconf 80' lang='lat'>12)</span> <span class='ocrx_word' id='word_1_387' title='bbox 481 2742 587 2773; x_wconf 83' lang='lat' dir='ltr'>which</span> <span class='ocrx_word' id='word_1_388' title='bbox 610 2752 684 2783; x_wconf 75' lang='lat' dir='ltr'>may</span> <span class='ocrx_word' id='word_1_389' title='bbox 708 2741 747 2772; x_wconf 86' lang='lat' dir='ltr'>bc</span> <span class='ocrx_word' id='word_1_390' title='bbox 764 2741 935 2781; x_wconf 80' lang='lat' dir='ltr'>compared</span> 
     </span>
     <span class='ocr_line' id='line_1_47' title="bbox 158 2788 333 2820; baseline -0.023 0"><span class='ocrx_word' id='word_1_391' title='bbox 158 2789 239 2820; x_wconf 81' lang='lat' dir='ltr'>with</span> <span class='ocrx_word' id='word_1_392' title='bbox 257 2788 333 2819; x_wconf 80' lang='lat' dir='ltr'>this.</span> 
     </span>
    </p>

    <p class='ocr_par' dir='ltr' id='par_1_6' title="bbox 159 2827 936 2915">
     <span class='ocr_line' id='line_1_48' title="bbox 202 2827 935 2871; baseline -0.008 -8"><span class='ocrx_word' id='word_1_393' title='bbox 202 2833 255 2864; x_wconf 87' lang='lat'>77.</span> <span class='ocrx_word' id='word_1_394' title='bbox 279 2833 308 2861; x_wconf 73' lang='lat' dir='ltr'>et</span> <span class='ocrx_word' id='word_1_395' title='bbox 326 2841 345 2861; x_wconf 83' lang='grc' dir='ltr'>(ι</span> <span class='ocrx_word' id='word_1_396' title='bbox 363 2829 435 2871; x_wconf 74' lang='lat' dir='ltr'>luo]</span> <span class='ocrx_word' id='word_1_397' title='bbox 483 2833 493 2847; x_wconf 86' lang='lat'><em>‘</em></span> <span class='ocrx_word' id='word_1_398' title='bbox 504 2829 567 2860; x_wconf 80' lang='lat' dir='ltr'>Sed</span> <span class='ocrx_word' id='word_1_399' title='bbox 582 2839 601 2860; x_wconf 85' lang='lat' dir='ltr'>a</span> <span class='ocrx_word' id='word_1_400' title='bbox 616 2827 697 2865; x_wconf 87' lang='lat' dir='ltr'>tuo,&#39;</span> <span class='ocrx_word' id='word_1_401' title='bbox 713 2827 770 2858; x_wconf 86' lang='lat' dir='ltr'>the</span> <span class='ocrx_word' id='word_1_402' title='bbox 787 2837 935 2858; x_wconf 87' lang='lat' dir='ltr'>common</span> 
     </span>
     <span class='ocr_line' id='line_1_49' title="bbox 159 2870 936 2915; baseline -0.008 -8"><span class='ocrx_word' id='word_1_403' title='bbox 159 2875 305 2915; x_wconf 77' lang='lat' dir='ltr'>reading.</span> <span class='ocrx_word' id='word_1_404' title='bbox 351 2874 470 2914; x_wconf 80' lang='lat' dir='ltr'>Zumpt</span> <span class='ocrx_word' id='word_1_405' title='bbox 492 2873 550 2904; x_wconf 84' lang='lat' dir='ltr'>has</span> <span class='ocrx_word' id='word_1_406' title='bbox 574 2874 627 2904; x_wconf 85' lang='lat' dir='ltr'>‘ct</span> <span class='ocrx_word' id='word_1_407' title='bbox 643 2882 661 2903; x_wconf 82' lang='lat' dir='ltr'>a</span> <span class='ocrx_word' id='word_1_408' title='bbox 677 2871 757 2909; x_wconf 56' lang='lat' dir='ltr'>tuos</span> <span class='ocrx_word' id='word_1_409' title='bbox 773 2871 857 2902; x_wconf 82' lang='lat' dir='ltr'>from</span> <span class='ocrx_word' id='word_1_410' title='bbox 878 2870 936 2902; x_wconf 77' lang='lat' dir='ltr'>the</span> 
     </span>
    </p>
   </div>
   <div class='ocr_carea' id='block_1_4' title="bbox 978 1917 1768 2867">
    <p class='ocr_par' dir='ltr' id='par_1_7' title="bbox 978 1917 1768 2560">
     <span class='ocr_line' id='line_1_50' title="bbox 979 1917 1765 1955; baseline 0 -6"><span class='ocrx_word' id='word_1_411' title='bbox 979 1918 1090 1949; x_wconf 86' lang='lat' dir='ltr'>better</span> <span class='ocrx_word' id='word_1_412' title='bbox 1106 1917 1202 1948; x_wconf 87' lang='lat' dir='ltr'><strong>MSS.</strong></span> <span class='ocrx_word' id='word_1_413' title='bbox 1213 1930 1222 1954; x_wconf 73' lang='grc' dir='ltr'><strong><em>ς</em></strong></span> <span class='ocrx_word' id='word_1_414' title='bbox 1246 1917 1310 1948; x_wconf 86' lang='lat' dir='ltr'>and</span> <span class='ocrx_word' id='word_1_415' title='bbox 1331 1917 1420 1955; x_wconf 79' lang='lat' dir='ltr'>addS,</span> <span class='ocrx_word' id='word_1_416' title='bbox 1436 1917 1513 1948; x_wconf 87' lang='lat' dir='ltr'>that</span> <span class='ocrx_word' id='word_1_417' title='bbox 1534 1917 1608 1948; x_wconf 85' lang='lat' dir='ltr'>‘et&#39;</span> <span class='ocrx_word' id='word_1_418' title='bbox 1629 1918 1688 1948; x_wconf 85' lang='lat' dir='ltr'>has</span> <span class='ocrx_word' id='word_1_419' title='bbox 1704 1918 1765 1949; x_wconf 88' lang='lat' dir='ltr'>the</span> 
     </span>
     <span class='ocr_line' id='line_1_51' title="bbox 980 1961 1762 2002; baseline 0.001 -11"><span class='ocrx_word' id='word_1_420' title='bbox 980 1962 1200 2002; x_wconf 79' lang='lat' dir='ltr'>signification</span> <span class='ocrx_word' id='word_1_421' title='bbox 1230 1962 1268 1991; x_wconf 89' lang='lat' dir='ltr'>of</span> <span class='ocrx_word' id='word_1_422' title='bbox 1301 1964 1310 1978; x_wconf 90' lang='lat'>‘</span> <span class='ocrx_word' id='word_1_423' title='bbox 1322 1961 1397 1991; x_wconf 87' lang='lat' dir='ltr'>sed&#39;</span> <span class='ocrx_word' id='word_1_424' title='bbox 1428 1962 1514 1992; x_wconf 85' lang='lat' dir='ltr'>after</span> <span class='ocrx_word' id='word_1_425' title='bbox 1543 1971 1563 1992; x_wconf 86' lang='lat' dir='ltr'>a</span> <span class='ocrx_word' id='word_1_426' title='bbox 1592 1962 1762 2002; x_wconf 84' lang='lat' dir='ltr'>negation.</span> 
     </span>
     <span class='ocr_line' id='line_1_52' title="bbox 981 2004 1763 2036; baseline 0 0"><span class='ocrx_word' id='word_1_427' title='bbox 981 2005 1086 2036; x_wconf 86' lang='lat' dir='ltr'>There</span> <span class='ocrx_word' id='word_1_428' title='bbox 1102 2005 1128 2035; x_wconf 90' lang='lat' dir='ltr'>is</span> <span class='ocrx_word' id='word_1_429' title='bbox 1144 2015 1186 2035; x_wconf 91' lang='lat' dir='ltr'>no</span> <span class='ocrx_word' id='word_1_430' title='bbox 1202 2004 1305 2035; x_wconf 87' lang='lat' dir='ltr'>doubt</span> <span class='ocrx_word' id='word_1_431' title='bbox 1320 2005 1396 2035; x_wconf 88' lang='lat' dir='ltr'>that</span> <span class='ocrx_word' id='word_1_432' title='bbox 1420 2008 1429 2021; x_wconf 95' lang='lat'><em>‘</em></span> <span class='ocrx_word' id='word_1_433' title='bbox 1439 2007 1473 2035; x_wconf 88' lang='lat' dir='ltr'>et</span> <span class='ocrx_word' id='word_1_434' title='bbox 1485 2005 1495 2018; x_wconf 93' lang='lat'>&#39;</span> <span class='ocrx_word' id='word_1_435' title='bbox 1520 2004 1547 2035; x_wconf 89' lang='lat' dir='ltr'>is</span> <span class='ocrx_word' id='word_1_436' title='bbox 1570 2005 1628 2035; x_wconf 89' lang='lat' dir='ltr'>the</span> <span class='ocrx_word' id='word_1_437' title='bbox 1650 2005 1763 2036; x_wconf 88' lang='lat' dir='ltr'>better</span> 
     </span>
     <span class='ocr_line' id='line_1_53' title="bbox 982 2048 1762 2089; baseline 0 -10"><span class='ocrx_word' id='word_1_438' title='bbox 982 2049 1128 2089; x_wconf 83' lang='lat' dir='ltr'>reading.</span> <span class='ocrx_word' id='word_1_439' title='bbox 1174 2048 1262 2078; x_wconf 91' lang='lat' dir='ltr'>Both</span> <span class='ocrx_word' id='word_1_440' title='bbox 1280 2048 1352 2078; x_wconf 83' lang='lat' dir='ltr'>‘et&#39;</span> <span class='ocrx_word' id='word_1_441' title='bbox 1368 2048 1433 2078; x_wconf 86' lang='lat' dir='ltr'>and</span> <span class='ocrx_word' id='word_1_442' title='bbox 1450 2048 1549 2089; x_wconf 86' lang='lat' dir='ltr'>‘que&#39;</span> <span class='ocrx_word' id='word_1_443' title='bbox 1566 2048 1656 2079; x_wconf 83' lang='lat' dir='ltr'>often</span> <span class='ocrx_word' id='word_1_444' title='bbox 1670 2059 1762 2079; x_wconf 83' lang='lat' dir='ltr'>come</span> 
     </span>
     <span class='ocr_line' id='line_1_54' title="bbox 983 2091 1760 2132; baseline -0.001 -9"><span class='ocrx_word' id='word_1_445' title='bbox 983 2093 1068 2123; x_wconf 84' lang='lat' dir='ltr'>after</span> <span class='ocrx_word' id='word_1_446' title='bbox 1089 2091 1169 2123; x_wconf 86' lang='lat' dir='ltr'>such</span> <span class='ocrx_word' id='word_1_447' title='bbox 1185 2102 1203 2123; x_wconf 90' lang='lat' dir='ltr'>a</span> <span class='ocrx_word' id='word_1_448' title='bbox 1219 2091 1372 2131; x_wconf 76' lang='lat' dir='ltr'>negative</span> <span class='ocrx_word' id='word_1_449' title='bbox 1389 2091 1505 2127; x_wconf 87' lang='lat' dir='ltr'>clause,</span> <span class='ocrx_word' id='word_1_450' title='bbox 1522 2092 1586 2122; x_wconf 86' lang='lat' dir='ltr'>and</span> <span class='ocrx_word' id='word_1_451' title='bbox 1608 2092 1651 2132; x_wconf 80' lang='lat' dir='ltr'>by</span> <span class='ocrx_word' id='word_1_452' title='bbox 1667 2092 1760 2122; x_wconf 87' lang='lat' dir='ltr'>read-</span> 
     </span>
     <span class='ocr_line' id='line_1_55' title="bbox 980 2134 1768 2176; baseline -0.001 -10"><span class='ocrx_word' id='word_1_453' title='bbox 980 2136 1038 2176; x_wconf 84' lang='lat' dir='ltr'>ing</span> <span class='ocrx_word' id='word_1_454' title='bbox 1065 2146 1084 2166; x_wconf 86' lang='lat' dir='ltr'>a</span> <span class='ocrx_word' id='word_1_455' title='bbox 1107 2145 1184 2165; x_wconf 88' lang='lat' dir='ltr'>man</span> <span class='ocrx_word' id='word_1_456' title='bbox 1210 2135 1356 2175; x_wconf 84' lang='lat' dir='ltr'>acquires</span> <span class='ocrx_word' id='word_1_457' title='bbox 1383 2145 1401 2166; x_wconf 84' lang='lat' dir='ltr'>a</span> <span class='ocrx_word' id='word_1_458' title='bbox 1424 2134 1505 2164; x_wconf 85' lang='lat' dir='ltr'>kind</span> <span class='ocrx_word' id='word_1_459' title='bbox 1529 2135 1567 2165; x_wconf 91' lang='lat' dir='ltr'>of</span> <span class='ocrx_word' id='word_1_460' title='bbox 1585 2135 1706 2175; x_wconf 87' lang='lat' dir='ltr'>feeling</span> <span class='ocrx_word' id='word_1_461' title='bbox 1729 2135 1768 2166; x_wconf 87' lang='lat' dir='ltr'>of</span> 
     </span>
     <span class='ocr_line' id='line_1_56' title="bbox 980 2178 1761 2219; baseline -0.001 -9"><span class='ocrx_word' id='word_1_462' title='bbox 980 2179 1068 2210; x_wconf 87' lang='lat' dir='ltr'>their</span> <span class='ocrx_word' id='word_1_463' title='bbox 1083 2178 1250 2219; x_wconf 81' lang='lat' dir='ltr'>propriety</span> <span class='ocrx_word' id='word_1_464' title='bbox 1266 2178 1301 2208; x_wconf 85' lang='lat' dir='ltr'>in</span> <span class='ocrx_word' id='word_1_465' title='bbox 1316 2178 1442 2208; x_wconf 84' lang='lat' dir='ltr'>certain</span> <span class='ocrx_word' id='word_1_466' title='bbox 1459 2187 1556 2208; x_wconf 78' lang='lat' dir='ltr'>caseS.</span> <span class='ocrx_word' id='word_1_467' title='bbox 1600 2178 1645 2208; x_wconf 91' lang='lat' dir='ltr'>As</span> <span class='ocrx_word' id='word_1_468' title='bbox 1661 2180 1696 2208; x_wconf 89' lang='lat' dir='ltr'>to</span> <span class='ocrx_word' id='word_1_469' title='bbox 1711 2189 1761 2209; x_wconf 90' lang='lat' dir='ltr'>re-</span> 
     </span>
     <span class='ocr_line' id='line_1_57' title="bbox 979 2221 1763 2262; baseline -0.001 -10"><span class='ocrx_word' id='word_1_470' title='bbox 979 2223 1101 2262; x_wconf 84' lang='lat' dir='ltr'>(lucing</span> <span class='ocrx_word' id='word_1_471' title='bbox 1126 2221 1205 2254; x_wconf 84' lang='lat' dir='ltr'>such</span> <span class='ocrx_word' id='word_1_472' title='bbox 1229 2232 1248 2252; x_wconf 89' lang='lat' dir='ltr'>a</span> <span class='ocrx_word' id='word_1_473' title='bbox 1272 2221 1371 2261; x_wconf 85' lang='lat' dir='ltr'>thing</span> <span class='ocrx_word' id='word_1_474' title='bbox 1400 2223 1436 2251; x_wconf 84' lang='lat' dir='ltr'>to</span> <span class='ocrx_word' id='word_1_475' title='bbox 1465 2221 1546 2257; x_wconf 65' lang='lat' dir='ltr'>rulo,</span> <span class='ocrx_word' id='word_1_476' title='bbox 1576 2221 1621 2261; x_wconf 76' lang='lat' dir='ltr'>by</span> <span class='ocrx_word' id='word_1_477' title='bbox 1645 2221 1763 2262; x_wconf 76' lang='lat' dir='ltr'>saying</span> 
     </span>
     <span class='ocr_line' id='line_1_58' title="bbox 979 2264 1759 2304; baseline -0.001 -8"><span class='ocrx_word' id='word_1_478' title='bbox 979 2266 1056 2297; x_wconf 87' lang='lat' dir='ltr'>that</span> <span class='ocrx_word' id='word_1_479' title='bbox 1080 2269 1088 2282; x_wconf 91' lang='lat'>‘</span> <span class='ocrx_word' id='word_1_480' title='bbox 1099 2267 1133 2295; x_wconf 89' lang='lat' dir='ltr'>et</span> <span class='ocrx_word' id='word_1_481' title='bbox 1143 2265 1153 2278; x_wconf 90' lang='lat'>’</span> <span class='ocrx_word' id='word_1_482' title='bbox 1173 2265 1200 2294; x_wconf 85' lang='lat' dir='ltr'>is</span> <span class='ocrx_word' id='word_1_483' title='bbox 1220 2265 1404 2294; x_wconf 83' lang='lat' dir='ltr'>sometimes</span> <span class='ocrx_word' id='word_1_484' title='bbox 1420 2266 1481 2304; x_wconf 90' lang='lat' dir='ltr'>put</span> <span class='ocrx_word' id='word_1_485' title='bbox 1497 2264 1548 2294; x_wconf 88' lang='lat' dir='ltr'>for</span> <span class='ocrx_word' id='word_1_486' title='bbox 1565 2267 1575 2281; x_wconf 89' lang='lat'>‘</span> <span class='ocrx_word' id='word_1_487' title='bbox 1587 2264 1665 2300; x_wconf 84' lang='lat' dir='ltr'>se(l,&#39;</span> <span class='ocrx_word' id='word_1_488' title='bbox 1681 2264 1759 2295; x_wconf 87' lang='lat' dir='ltr'>that</span> 
     </span>
     <span class='ocr_line' id='line_1_59' title="bbox 979 2306 1761 2349; baseline 0 -10"><span class='ocrx_word' id='word_1_489' title='bbox 979 2309 1006 2339; x_wconf 89' lang='lat' dir='ltr'>is</span> <span class='ocrx_word' id='word_1_490' title='bbox 1024 2308 1139 2349; x_wconf 73' lang='lat' dir='ltr'>saying</span> <span class='ocrx_word' id='word_1_491' title='bbox 1159 2308 1302 2347; x_wconf 88' lang='lat' dir='ltr'>nothing</span> <span class='ocrx_word' id='word_1_492' title='bbox 1321 2309 1357 2337; x_wconf 87' lang='lat' dir='ltr'>at</span> <span class='ocrx_word' id='word_1_493' title='bbox 1377 2307 1430 2337; x_wconf 88' lang='lat' dir='ltr'>all.</span> <span class='ocrx_word' id='word_1_494' title='bbox 1477 2306 1589 2337; x_wconf 79' lang='lat' dir='ltr'>Cicero</span> <span class='ocrx_word' id='word_1_495' title='bbox 1604 2317 1676 2348; x_wconf 68' lang='lat' dir='ltr'>says</span> <span class='ocrx_word' id='word_1_496' title='bbox 1695 2307 1761 2348; x_wconf 88' lang='lat' dir='ltr'>(Ad</span> 
     </span>
     <span class='ocr_line' id='line_1_60' title="bbox 980 2350 1757 2391; baseline -0.001 -9"><span class='ocrx_word' id='word_1_497' title='bbox 980 2352 1019 2389; x_wconf 86' lang='lat' dir='ltr'>Q.</span> <span class='ocrx_word' id='word_1_498' title='bbox 1035 2352 1090 2382; x_wconf 81' lang='lat' dir='ltr'>Fr.</span> <span class='ocrx_word' id='word_1_499' title='bbox 1106 2351 1128 2381; x_wconf 87' lang='lat' dir='ltr'>i.</span> <span class='ocrx_word' id='word_1_500' title='bbox 1146 2352 1175 2381; x_wconf 89' lang='lat'>1.</span> <span class='ocrx_word' id='word_1_501' title='bbox 1192 2361 1219 2381; x_wconf 91' lang='grc'>0.</span> <span class='ocrx_word' id='word_1_502' title='bbox 1236 2350 1281 2391; x_wconf 85' lang='grc'>1),</span> <span class='ocrx_word' id='word_1_503' title='bbox 1299 2353 1410 2380; x_wconf 85' lang='lat' dir='ltr'>“neve</span> <span class='ocrx_word' id='word_1_504' title='bbox 1426 2352 1461 2380; x_wconf 93' lang='lat' dir='ltr'>te</span> <span class='ocrx_word' id='word_1_505' title='bbox 1477 2350 1570 2380; x_wconf 88' lang='lat' dir='ltr'>obrui</span> <span class='ocrx_word' id='word_1_506' title='bbox 1586 2353 1757 2391; x_wconf 86' lang='lat' dir='ltr'>tamquam</span> 
     </span>
     <span class='ocr_line' id='line_1_61' title="bbox 980 2393 1759 2433; baseline -0.001 -8"><span class='ocrx_word' id='word_1_507' title='bbox 980 2395 1084 2425; x_wconf 86' lang='lat' dir='ltr'>fluctu</span> <span class='ocrx_word' id='word_1_508' title='bbox 1099 2394 1143 2424; x_wconf 84' lang='lat' dir='ltr'>sic</span> <span class='ocrx_word' id='word_1_509' title='bbox 1160 2393 1386 2433; x_wconf 85' lang='lat' dir='ltr'>magnitudine</span> <span class='ocrx_word' id='word_1_510' title='bbox 1406 2394 1531 2433; x_wconf 86' lang='lat' dir='ltr'>negotii</span> <span class='ocrx_word' id='word_1_511' title='bbox 1553 2393 1658 2424; x_wconf 87' lang='lat' dir='ltr'>sina-s:</span> <span class='ocrx_word' id='word_1_512' title='bbox 1683 2404 1759 2424; x_wconf 88' lang='lat' dir='ltr'>con-</span> 
     </span>
     <span class='ocr_line' id='line_1_62' title="bbox 978 2436 1757 2478; baseline 0 -10"><span class='ocrx_word' id='word_1_513' title='bbox 978 2441 1095 2478; x_wconf 86' lang='lat' dir='ltr'>traque</span> <span class='ocrx_word' id='word_1_514' title='bbox 1111 2437 1216 2477; x_wconf 85' lang='lat' dir='ltr'>erigas</span> <span class='ocrx_word' id='word_1_515' title='bbox 1232 2447 1269 2467; x_wconf 89' lang='lat' dir='ltr'>ac</span> <span class='ocrx_word' id='word_1_516' title='bbox 1285 2437 1449 2473; x_wconf 79' lang='lat' dir='ltr'>resistas,&#39;’</span> <span class='ocrx_word' id='word_1_517' title='bbox 1463 2436 1518 2467; x_wconf 76' lang='lat' dir='ltr'>&amp;c.</span> <span class='ocrx_word' id='word_1_518' title='bbox 1549 2437 1624 2467; x_wconf 84' lang='lat' dir='ltr'>And</span> <span class='ocrx_word' id='word_1_519' title='bbox 1639 2437 1673 2467; x_wconf 91' lang='lat' dir='ltr'>in</span> <span class='ocrx_word' id='word_1_520' title='bbox 1689 2438 1757 2468; x_wconf 85' lang='lat' dir='ltr'>this</span> 
     </span>
     <span class='ocr_line' id='line_1_63' title="bbox 979 2480 1756 2522; baseline 0 -10"><span class='ocrx_word' id='word_1_521' title='bbox 979 2481 1117 2517; x_wconf 87' lang='lat' dir='ltr'>oration,</span> <span class='ocrx_word' id='word_1_522' title='bbox 1135 2490 1162 2510; x_wconf 90' lang='grc'>0.</span> <span class='ocrx_word' id='word_1_523' title='bbox 1179 2482 1209 2516; x_wconf 69' lang='lat'>4,</span> <span class='ocrx_word' id='word_1_524' title='bbox 1228 2480 1340 2511; x_wconf 86' lang='lat' dir='ltr'>“nihil</span> <span class='ocrx_word' id='word_1_525' title='bbox 1356 2490 1467 2511; x_wconf 90' lang='lat' dir='ltr'>eorum</span> <span class='ocrx_word' id='word_1_526' title='bbox 1483 2484 1533 2511; x_wconf 87' lang='lat' dir='ltr'>est</span> <span class='ocrx_word' id='word_1_527' title='bbox 1542 2493 1552 2518; x_wconf 69' lang='grc' dir='ltr'><strong>ς</strong></span> <span class='ocrx_word' id='word_1_528' title='bbox 1576 2482 1756 2522; x_wconf 84' lang='lat' dir='ltr'>contraque</span> 
     </span>
     <span class='ocr_line' id='line_1_64' title="bbox 978 2523 1288 2560; baseline -0.006 -5"><span class='ocrx_word' id='word_1_529' title='bbox 978 2527 1056 2555; x_wconf 87' lang='lat' dir='ltr'>sunt</span> <span class='ocrx_word' id='word_1_530' title='bbox 1072 2523 1215 2560; x_wconf 85' lang='lat' dir='ltr'>omnia,”</span> <span class='ocrx_word' id='word_1_531' title='bbox 1233 2523 1288 2554; x_wconf 76' lang='lat' dir='ltr'>&amp;c.</span> 
     </span>
    </p>

    <p class='ocr_par' dir='ltr' id='par_1_8' title="bbox 979 2565 1758 2867">
     <span class='ocr_line' id='line_1_65' title="bbox 1023 2565 1755 2607; baseline -0.001 -9"><span class='ocrx_word' id='word_1_532' title='bbox 1023 2567 1081 2598; x_wconf 80' lang='lat' dir='ltr'>HS</span> <span class='ocrx_word' id='word_1_533' title='bbox 1112 2575 1163 2597; x_wconf 74' lang='lat' dir='ltr'>XV</span> <span class='ocrx_word' id='word_1_534' title='bbox 1193 2567 1227 2597; x_wconf 79' lang='lat' dir='ltr'>in</span> <span class='ocrx_word' id='word_1_535' title='bbox 1257 2565 1479 2607; x_wconf 54' lang='lat' dir='ltr'>medimnum]</span> <span class='ocrx_word' id='word_1_536' title='bbox 1538 2566 1671 2597; x_wconf 87' lang='lat' dir='ltr'>Ernesti</span> <span class='ocrx_word' id='word_1_537' title='bbox 1701 2577 1755 2597; x_wconf 83' lang='lat' dir='ltr'>ex-</span> 
     </span>
     <span class='ocr_line' id='line_1_66' title="bbox 980 2610 1758 2651; baseline 0 -11"><span class='ocrx_word' id='word_1_538' title='bbox 980 2620 1102 2651; x_wconf 85' lang='lat' dir='ltr'>presses</span> <span class='ocrx_word' id='word_1_539' title='bbox 1126 2620 1212 2640; x_wconf 82' lang='lat' dir='ltr'>some</span> <span class='ocrx_word' id='word_1_540' title='bbox 1238 2610 1379 2650; x_wconf 86' lang='lat' dir='ltr'>surprise</span> <span class='ocrx_word' id='word_1_541' title='bbox 1404 2610 1480 2640; x_wconf 84' lang='lat' dir='ltr'>that</span> <span class='ocrx_word' id='word_1_542' title='bbox 1503 2620 1552 2640; x_wconf 83' lang='lat' dir='ltr'>we</span> <span class='ocrx_word' id='word_1_543' title='bbox 1578 2610 1660 2640; x_wconf 83' lang='lat' dir='ltr'>have</span> <span class='ocrx_word' id='word_1_544' title='bbox 1686 2610 1758 2640; x_wconf 82' lang='lat' dir='ltr'>first</span> 
     </span>
     <span class='ocr_line' id='line_1_67' title="bbox 982 2653 1756 2690; baseline -0.001 -6"><span class='ocrx_word' id='word_1_545' title='bbox 982 2654 1035 2684; x_wconf 86' lang='lat' dir='ltr'>‘in</span> <span class='ocrx_word' id='word_1_546' title='bbox 1057 2653 1279 2690; x_wconf 81' lang='lat' dir='ltr'>medimrum,&#39;</span> <span class='ocrx_word' id='word_1_547' title='bbox 1303 2653 1367 2684; x_wconf 83' lang='lat' dir='ltr'>and</span> <span class='ocrx_word' id='word_1_548' title='bbox 1390 2653 1471 2684; x_wconf 87' lang='lat' dir='ltr'>then</span> <span class='ocrx_word' id='word_1_549' title='bbox 1494 2653 1547 2683; x_wconf 84' lang='lat' dir='ltr'>‘in</span> <span class='ocrx_word' id='word_1_550' title='bbox 1569 2653 1756 2683; x_wconf 61' lang='lat' dir='ltr'>medimna?</span> 
     </span>
     <span class='ocr_line' id='line_1_68' title="bbox 979 2696 1755 2736; baseline -0.001 -9"><span class='ocrx_word' id='word_1_551' title='bbox 979 2697 1046 2727; x_wconf 90' lang='lat' dir='ltr'>The</span> <span class='ocrx_word' id='word_1_552' title='bbox 1067 2697 1228 2727; x_wconf 79' lang='lat' dir='ltr'>variation</span> <span class='ocrx_word' id='word_1_553' title='bbox 1253 2697 1287 2727; x_wconf 91' lang='lat' dir='ltr'>in</span> <span class='ocrx_word' id='word_1_554' title='bbox 1311 2697 1368 2727; x_wconf 86' lang='lat' dir='ltr'>the</span> <span class='ocrx_word' id='word_1_555' title='bbox 1392 2696 1575 2736; x_wconf 85' lang='lat' dir='ltr'>expression</span> <span class='ocrx_word' id='word_1_556' title='bbox 1597 2706 1698 2726; x_wconf 89' lang='lat' dir='ltr'>seems</span> <span class='ocrx_word' id='word_1_557' title='bbox 1720 2706 1755 2726; x_wconf 91' lang='lat' dir='ltr'>so</span> 
     </span>
     <span class='ocr_line' id='line_1_69' title="bbox 979 2739 1758 2781; baseline -0.001 -11"><span class='ocrx_word' id='word_1_558' title='bbox 979 2751 1053 2781; x_wconf 70' lang='lat' dir='ltr'>easy</span> <span class='ocrx_word' id='word_1_559' title='bbox 1069 2740 1134 2770; x_wconf 83' lang='lat' dir='ltr'>and</span> <span class='ocrx_word' id='word_1_560' title='bbox 1155 2740 1297 2776; x_wconf 83' lang='lat' dir='ltr'>natural,</span> <span class='ocrx_word' id='word_1_561' title='bbox 1314 2741 1390 2770; x_wconf 86' lang='lat' dir='ltr'>that</span> <span class='ocrx_word' id='word_1_562' title='bbox 1406 2750 1425 2770; x_wconf 81' lang='lat' dir='ltr'>a</span> <span class='ocrx_word' id='word_1_563' title='bbox 1445 2739 1559 2770; x_wconf 85' lang='lat' dir='ltr'>reader</span> <span class='ocrx_word' id='word_1_564' title='bbox 1574 2739 1683 2779; x_wconf 84' lang='lat' dir='ltr'>might</span> <span class='ocrx_word' id='word_1_565' title='bbox 1698 2742 1758 2770; x_wconf 86' lang='lat' dir='ltr'>not</span> 
     </span>
     <span class='ocr_line' id='line_1_70' title="bbox 979 2782 1757 2823; baseline 0 -9"><span class='ocrx_word' id='word_1_566' title='bbox 979 2784 1061 2814; x_wconf 85' lang='lat' dir='ltr'>have</span> <span class='ocrx_word' id='word_1_567' title='bbox 1073 2784 1227 2814; x_wconf 78' lang='lat' dir='ltr'>observed</span> <span class='ocrx_word' id='word_1_568' title='bbox 1243 2784 1280 2820; x_wconf 90' lang='lat' dir='ltr'>it,</span> <span class='ocrx_word' id='word_1_569' title='bbox 1295 2783 1324 2813; x_wconf 90' lang='lat' dir='ltr'>if</span> <span class='ocrx_word' id='word_1_570' title='bbox 1334 2794 1351 2814; x_wconf 83' lang='lat' dir='ltr'>a</span> <span class='ocrx_word' id='word_1_571' title='bbox 1363 2782 1457 2813; x_wconf 85' lang='lat' dir='ltr'>critic</span> <span class='ocrx_word' id='word_1_572' title='bbox 1469 2782 1534 2813; x_wconf 84' lang='lat' dir='ltr'>had</span> <span class='ocrx_word' id='word_1_573' title='bbox 1549 2785 1608 2813; x_wconf 87' lang='lat' dir='ltr'>not</span> <span class='ocrx_word' id='word_1_574' title='bbox 1623 2782 1757 2823; x_wconf 85' lang='lat' dir='ltr'>pointed</span> 
     </span>
     <span class='ocr_line' id='line_1_71' title="bbox 979 2826 1583 2867; baseline -0.002 -9"><span class='ocrx_word' id='word_1_575' title='bbox 979 2827 1008 2858; x_wconf 87' lang='lat' dir='ltr'>it</span> <span class='ocrx_word' id='word_1_576' title='bbox 1023 2829 1091 2859; x_wconf 88' lang='lat' dir='ltr'>out.</span> <span class='ocrx_word' id='word_1_577' title='bbox 1137 2827 1171 2859; x_wconf 88' lang='lat' dir='ltr'>It</span> <span class='ocrx_word' id='word_1_578' title='bbox 1186 2829 1292 2858; x_wconf 83' lang='lat' dir='ltr'>wants</span> <span class='ocrx_word' id='word_1_579' title='bbox 1307 2837 1349 2858; x_wconf 91' lang='lat' dir='ltr'>no</span> <span class='ocrx_word' id='word_1_580' title='bbox 1365 2826 1583 2867; x_wconf 81' lang='lat' dir='ltr'>explanation.</span> 
     </span>
    </p>
   </div>
  </div>
 </body>
</html>
