1849 3167
195 127 281 169 404
781 127 851 171 IN
882 127 928 170 O.
960 126 1218 171 VERREM

195 255 389 283 annonae
429 245 556 296 atque
596 240 913 284 aestimationis.
975 241 1151 282 Etenim
1179 241 1284 283 haec
1320 241 1558 285 aestilnatio
1597 247 1700 286 nata
1739 248 1803 285 est

195 304 334 356 initio,
352 306 530 362 judices,
554 322 641 349 non
662 323 715 349 ex
735 313 980 362 praetorum
1002 312 1076 348 aut
1097 307 1319 348 consulum
1349 308 1421 349 sed
1441 324 1494 349 ex
1515 315 1731 351 aratorum
1762 315 1804 351 et

196 371 424 414 civitatum
453 374 685 414 commodo.
746 373 885 414 Nemo
916 371 1032 413 enim
1062 371 1146 413 fuit
1176 372 1302 414 initio
1331 377 1421 414 tam
1450 374 1674 429 impudens
1715 376 1802 430 qui,

196 453 329 493 quum
359 437 623 480 frumentum
652 439 889 487 deberetur,
932 438 1157 493 pecuniam
1196 443 1398 494 posceret.
1468 438 1592 480 Certe
1631 439 1710 480 1100
1751 438 1804 478 ab

197 507 362 544 aratore
391 502 579 558 primum
600 508 662 544 est
683 502 921 558 profectum
952 510 1025 544 aut
1046 503 1099 544 ab
1120 519 1169 544 ea
1189 504 1362 545 civitate
1392 503 1461 545 cui
1489 504 1802 559 imperabatur:

195 583 329 624 quum
359 573 433 609 aut
462 568 725 609 frumentum
754 568 1015 610 vendidisset
1045 574 1119 610 aut
1150 584 1317 611 servare
1347 569 1476 611 vellet
1515 575 1589 611 aut
1628 570 1675 610 in
1707 584 1804 610 eum

196 633 337 675 locum
367 649 450 689 quo
481 634 769 689 imperabatur
798 639 968 689 portare
997 634 1143 685 nollet,
1175 634 1330 689 petivit
1359 634 1406 676 in
1435 634 1630 676 beneficii
1649 635 1740 676 1000
1761 639 1805 675 et

199 699 363 754 gratiae
383 704 432 739 ut
453 699 532 740 sibi
552 714 628 754 pro
651 699 866 741 frumento
896 699 1048 755 quanti
1078 699 1344 741 frumentum
1375 705 1482 742 esset
1512 701 1612 741 dare
1642 694 1802 741 liceret.

196 764 267 805 Ex
295 764 540 819 hujusmodi
569 763 780 819 principio
812 769 940 820 atque
971 780 1025 806 ex
1053 765 1311 806 liberalitate
1341 770 1383 806 et
1419 765 1804 807 accommodatione

195 829 527 885 magistratuum
565 830 823 872 consuetudo
863 830 1170 872 aestimationis
1209 830 1455 872 introducta
1504 836 1579 872 est.
1660 830 1804 872 Secuti

196 900 296 935 sunt
326 894 537 936 avariores
566 895 856 950 magistratus,
889 895 963 951 qui
992 901 1138 937 tamen
1167 895 1214 937 in
1244 896 1424 937 avaritia
1454 911 1528 937 sua
1557 911 1644 937 non
1668 896 1804 937 solum

195 959 312 1001 viam
333 965 531 1015 quaestus
552 960 811 1002 invenerunt
831 977 980 1002 verum
1001 961 1132 1002 etiam
1152 962 1316 1003 exitum
1346 977 1393 1003 30
1417 961 1626 1003 rationem
1658 961 1802 1002 defen-

195 1024 337 1066 sionis.
399 1025 689 1067 Instituerunt
710 1042 874 1082 semper
894 1026 940 1068 in
960 1026 1113 1068 ultima
1134 1042 1182 1068 ac
1203 1026 1454 1068 difficillima
1475 1027 1528 1068 ad
1548 1027 1805 1082 portandum

195 1090 287 1132 loca
307 1090 573 1132 frumentum
604 1091 826 1147 imperare,
848 1098 897 1133 ut
918 1097 1116 1134 vecturae
1137 1092 1386 1134 difficultate
1408 1092 1460 1133 ad
1482 1107 1611 1147 quam
1643 1091 1804 1133 vellent

195 1156 534 1198 aestimationem
554 1158 841 1212 pervenirent.
902 1157 959 1199 In
979 1158 1059 1200 hoc
1087 1173 1242 1214 genere
1273 1158 1439 1199 facilior
1459 1163 1522 1199 est
1543 1156 1803 1199 existimatio

195 1236 325 1277 quam
345 1222 628 1277 reprehensio,
652 1222 745 1264 ideo
767 1224 880 1278 quod
901 1238 999 1264 eum
1025 1223 1101 1278 qui
1131 1224 1211 1265 hoc
1244 1223 1346 1265 facit
1378 1238 1555 1264 avarum
1583 1237 1804 1277 possumus

195 1286 452 1336 existimare,
487 1287 649 1328 crimen
680 1287 727 1328 in
763 1303 810 1329 eo
845 1288 1101 1330 constituere
1136 1304 1223 1330 non
1262 1294 1353 1330 tam
1392 1288 1516 1329 facile
1554 1303 1802 1343 possumus3

195 1352 308 1407 quod
337 1352 508 1393 videtur
538 1353 854 1394 concedendum
883 1354 1206 1409 magistratibus
1240 1353 1396 1395 nostris
1427 1368 1527 1402 esse,
1559 1357 1607 1394 ut
1637 1353 1689 1394 iis
1719 1368 1802 1408 quo

194 1416 286 1459 1000
306 1417 443 1459 velint
464 1417 727 1459 frumentum
749 1418 937 1473 accipere
967 1418 1106 1460 liceat.
1167 1419 1320 1475 Itaque
1340 1420 1421 1461 hoc
1451 1424 1514 1461 est
1544 1419 1657 1474 quod
1676 1419 1804 1460 multi

197 1482 374 1524 fortasse
395 1482 601 1533 fecerunt,
624 1488 666 1525 et
687 1484 748 1525 ita
769 1484 896 1525 multi
911 1484 1004 1526 utii
1020 1500 1124 1540 quos
1144 1484 1512 1527 innocentissimos
1531 1485 1803 1527 meminimus

191 1552 271 1588 aut
293 1548 534 1590 audivimus
554 1564 641 1590 11011
663 1548 855 1591 fecerint.

254 1613 517 1655 LXXXIII.
573 1614 740 1660 Quaero
771 1615 844 1657 abs
874 1619 917 1657 te
946 1630 1075 1665 1111110,
1113 1615 1331 1666 Hortensi,
1364 1631 1460 1657 cum
1489 1615 1598 1657 utris
1628 1616 1803 1657 tandem

196 1677 318 1720 istius
339 1679 501 1721 factum
522 1679 753 1722 collaturus
767 1681 844 1722 es?
875 1697 971 1723 cum
992 1681 1057 1731 iis,
1081 1682 1217 1731 credo,
1240 1681 1315 1737 qui
1334 1680 1602 1737 benignitate
1630 1681 1804 1722 adducti

196 1759 273 1799 per
291 1745 545 1786 beneficium
567 1750 608 1787 et
629 1746 816 1801 gratiam
837 1746 1083 1789 civitatibus
1116 1753 1410 1789 concesserunt
1431 1753 1480 1788 ut
1499 1762 1696 1788 nummos
1725 1762 1802 1802 pro

196 1809 411 1852 frumento
432 1811 596 1852 darent.
658 1812 728 1853 Ita
749 1813 873 1854 credo
893 1813 1048 1868 petisse
1069 1813 1121 1855 ab
1142 1813 1223 1854 isto
1253 1817 1437 1854 aratores
1468 1820 1529 1862 ut,
1563 1828 1695 1868 quum
1727 1811 1803 1853 HS

195 1876 330 1917 ternis
359 1876 495 1918 tritici
524 1876 715 1918 modium
744 1879 928 1919 vendere
962 1893 1050 1919 non
1089 1883 1271 1933 possent,
1312 1893 1391 1933 pro
1431 1877 1611 1933 singulis
1649 1877 1802 1918 modiis

195 1945 338 1982 ternos
370 1942 565 1983 denarios
586 1943 687 1983 dare
707 1942 866 1984 liceret.
928 1943 1002 1984 An
1033 1943 1235 1999 quoniam
1263 1944 1343 1985 hoc
1373 1958 1460 1984 non
1490 1943 1618 1984 audes
1649 1943 1800 1992 dicere,

196 2006 299 2048 illuc
320 2007 553 2062 confugies,
576 2013 774 2049 vecturae
796 2008 1046 2050 difficultate
1067 2009 1269 2059 adductos
1301 2013 1443 2050 ternos
1477 2007 1671 2049 denarios
1701 2009 1802 2049 dare

196 2072 395 2113 maluisse
409 2072 429 2113 ⁶?
489 2072 620 2128 Cujus
640 2074 872 2115 vecturae?
902 2089 985 2129 quo
1015 2089 1069 2115 ex
1097 2074 1188 2115 1000
1209 2074 1255 2114 in
1276 2089 1403 2129 quem
1425 2073 1566 2115 locum
1586 2089 1640 2114 ne
1659 2078 1800 2127 porta-

196 2142 292 2177 rent
310 2137 329 2178 ?
388 2137 698 2179 Philomelione
719 2139 937 2194 Ephesum
951 2140 971 2181 Ρ

198 2227 447 2257 existimationis
457 2227 477 2264 ς’
494 2230 560 2259 two
574 2229 729 2259 blunders
744 2229 778 2259 in
790 2230 852 2261 five
862 2230 978 2261 words.

200 2270 498 2301 ‘Existimationis'
526 2282 627 2302 seems
653 2275 688 2302 to
714 2273 754 2303 be
779 2284 798 2303 a.
824 2275 978 2313 typogra-

198 2313 307 2352 phical
336 2324 435 2343 error.
496 2314 616 2345 Iordan
646 2316 769 2346 retains
799 2317 857 2347 the
882 2317 978 2346 MSS.

200 2356 336 2395 reading
353 2360 361 2372 ‘
372 2356 621 2396 conjunctione?

244 2401 275 2428 et
291 2399 341 2427 ita
356 2399 467 2439 multi]
501 2401 554 2430 “1'.
565 2411 591 2430 e.
608 2402 641 2431 et
657 2401 705 2431 ita
720 2401 861 2441 quidem,
874 2403 913 2432 ut
928 2402 979 2431 ita

200 2440 244 2471 sit
267 2441 455 2477 minuenti&
480 2444 565 2482 quod
589 2444 668 2473 satis
697 2454 750 2474 me
773 2444 979 2484 explicavisse

201 2486 293 2524 puto.
310 2484 421 2514 Gram.
438 2484 513 2515 Lat.
533 2486 548 2525 ξ
567 2487 641 2516 281.
687 2487 759 2524 Qua
782 2498 816 2517 re
833 2487 872 2517 fit
892 2489 931 2517 ut
947 2489 979 2517 et

200 2528 343 2568 positum
361 2527 512 2557 videatur
535 2539 594 2568 pro
617 2529 683 2565 sed,
700 2530 786 2569 quod
808 2529 979 2560 Manutius

201 2571 321 2610 corrigi
337 2570 451 2600 voluit.
496 2570 545 2601 Dc
561 2573 765 2611 et—quidem
785 2583 859 2602 cum
875 2573 979 2613 objec-

200 2614 290 2644 tione
306 2623 485 2643 sermonem
501 2615 723 2645 continuantis
738 2615 812 2645 w’de
824 2615 979 2646 Goerenz.

201 2657 243 2686 ad
266 2657 338 2686 Lib.
354 2657 399 2686 iii.
416 2656 455 2687 dc
472 2656 574 2697 Legg.
592 2667 618 2687 c.
636 2659 687 2688 10.
703 2669 734 2698 p.
752 2658 825 2694 247,
845 2660 879 2689 et
902 2659 943 2689 ad
960 2660 977 2688 1

200 2699 240 2730 de
257 2699 328 2729 Fin.
347 2701 397 2736 10,
417 2700 433 2739 ξ
452 2700 523 2730 35”
542 2700 701 2741 (Zumpt).
740 2701 808 2731 The
823 2702 980 2741 proposed

200 2743 381 2773 correction
405 2744 442 2773 of
464 2743 644 2780 Manutius,
669 2744 798 2774 ‘malim
825 2755 883 2784 pro
909 2755 979 2775 sen-

199 2786 316 2821 tentia,
354 2786 411 2815 sed
448 2787 499 2815 ita
537 2787 652 2823 multi,³
691 2787 716 2816 is
754 2798 979 2828 unnecessary.

201 2828 348 2868 Zumpt's
365 2829 571 2869 explanation
587 2830 623 2861 of
635 2830 721 2861 ‘ita’
738 2830 764 2860 is
780 2833 865 2861 true.
911 2831 979 2862 The

199 2872 312 2902 reader
333 2882 393 2903 can
416 2872 532 2914 hardly
548 2873 811 2904 misunderstand
831 2874 888 2905 the
909 2885 979 2915 pas-

1029 2140 1167 2181 Video
1188 2138 1292 2195 quid
1311 2139 1424 2180 inter
1440 2154 1653 2180 annonam
1668 2138 1800 2178 inter-

1023 2240 1099 2271 sage
1109 2243 1118 2267 3
1141 2230 1203 2260 but
1219 2230 1276 2260 the
1287 2230 1359 2260 best
1370 2240 1440 2270 way
1452 2229 1489 2260 of
1499 2228 1700 2268 translating
1715 2228 1783 2259 ‘ita
1792 2228 1802 2241 ’

1022 2273 1049 2303 is
1064 2275 1123 2303 not
1138 2283 1172 2303 so
1187 2273 1285 2312 plain.

1066 2318 1118 2346 83.
1149 2326 1218 2345 eum
1241 2314 1344 2355 utris]
1391 2318 1401 2331 ‘
1412 2325 1486 2345 cum
1513 2313 1658 2344 utrisne'
1681 2313 1781 2344 Klotz
1794 2327 1802 2350 ;

1022 2358 1129 2388 which
1156 2358 1182 2387 15
1208 2358 1266 2388 the
1292 2358 1429 2398 reading
1458 2357 1496 2388 of
1519 2358 1549 2387 A
1574 2357 1602 2387 B
1627 2357 1679 2398 Lg
1706 2358 1747 2388 29
1771 2357 1803 2387 V

1023 2402 1084 2432 and
1103 2401 1234 2431 Iordan.

1066 2445 1125 2474 Ita
1141 2443 1254 2484 eredo]
1302 2446 1311 2460 ‘
1322 2443 1395 2474 Hoc
1412 2443 1526 2474 credo'
1544 2443 1644 2474 Klotz
1659 2443 1744 2474 from
1759 2443 1800 2474 V.

1067 2497 1127 2527 quo
1144 2498 1183 2517 ex·
1200 2487 1268 2517 loeo
1286 2510 1293 2516 .
1311 2509 1318 2517 .
1335 2487 1501 2527 Ephesum
1513 2486 1542 2528 ?]
1568 2488 1613 2517 As
1628 2497 1714 2517 some
1729 2496 1802 2527 per-

1023 2540 1095 2560 sons
1110 2541 1184 2571 may
1198 2530 1300 2571 doubt
1316 2530 1415 2561 about
1431 2530 1488 2561 the
1500 2530 1592 2570 right
1606 2530 1758 2570 pointing
1770 2530 1808 2560 of

1023 2573 1090 2603 this
1112 2584 1256 2613 passage,
1281 2573 1297 2603 I
1321 2573 1395 2613 give
1418 2573 1494 2604 that
1512 2574 1549 2603 of
1568 2573 1678 2609 KlotZ,
1694 2573 1801 2602 which

1023 2616 1132 2646 differs
1158 2617 1241 2646 from
1272 2617 1330 2647 the
1360 2618 1442 2653 text,
1470 2616 1577 2646 which
1607 2616 1633 2646 is
1663 2616 1739 2646 that
1768 2615 1806 2646 of

1024 2659 1144 2699 Zumpt
1160 2660 1224 2690 and
1237 2660 1367 2696 Iordan,
1385 2663 1394 2676 ‘
1407 2659 1478 2696 Quo
1490 2670 1528 2689 ex
1544 2659 1612 2689 loco
1624 2659 1638 2688 ?
1655 2659 1689 2688 in
1705 2668 1801 2698 quem

1023 2702 1129 2732 locuni
1139 2703 1153 2733 ?
1165 2713 1205 2733 ne
1216 2705 1387 2742 portarent
1398 2702 1587 2733 Philomelio
1598 2702 1761 2741 Ephesum
1770 2701 1783 2731 Ρ
1792 2701 1801 2714 ’

1024 2745 1054 2775 V
1066 2746 1123 2775 has
1140 2750 1149 2763 ‘
1160 2746 1338 2776 philomelo
1348 2746 1356 2759 '
1369 2746 1510 2776 without
1523 2749 1532 2762 ‘
1541 2745 1602 2775 ne.³
1627 2745 1694 2775 The
1706 2754 1801 2774 name

1024 2789 1061 2818 of
1085 2789 1143 2819 thc
1172 2789 1262 2829 place
1292 2789 1319 2818 is
1346 2788 1584 2824 Philomelium,
1609 2798 1628 2817 a
1653 2789 1742 2817 town
1768 2787 1806 2816 of

1025 2831 1179 2872 Phrygia,
1204 2832 1268 2862 and
1295 2832 1332 2863 of
1353 2842 1465 2862 course
1488 2833 1523 2861 at
1545 2841 1632 2861 some
1654 2830 1799 2860 distance

1024 2875 1106 2906 from
1134 2875 1291 2918 Ephesus.
1336 2875 1404 2906 The
1433 2875 1495 2905 sitc
1525 2874 1582 2905 has
1611 2874 1692 2904 been
1715 2871 1800 2902 fixed
