<?xml version="1.0" encoding="UTF-8"?>
<!DOCTYPE html PUBLIC "-//W3C//DTD XHTML 1.0 Transitional//EN"
    "http://www.w3.org/TR/xhtml1/DTD/xhtml1-transitional.dtd">
<html xmlns="http://www.w3.org/1999/xhtml" xml:lang="en" lang="en">
 <head>
  <title>
</title>
<meta http-equiv="Content-Type" content="text/html;charset=utf-8" />
  <meta name='ocr-system' content='tesseract 3.04.00' />
  <meta name='ocr-capabilities' content='ocr_page ocr_carea ocr_par ocr_line ocrx_word'/>
</head>
<body>
  <div class='ocr_page' id='page_1' title='image "./orationeswithcom01ciceuoft_0402.png"; bbox 0 0 1849 3167; ppageno 0'>
   <div class='ocr_carea' id='block_1_1' title="bbox 176 140 1208 186">
    <p class='ocr_par' dir='ltr' id='par_1_1' title="bbox 176 140 1208 186">
     <span class='ocr_line' id='line_1_1' title="bbox 176 140 1208 186; baseline -0.004 0"><span class='ocrx_word' id='word_1_1' title='bbox 176 144 261 186; x_wconf 79' lang='lat'>384</span> <span class='ocrx_word' id='word_1_2' title='bbox 770 142 840 186; x_wconf 82' lang='lat' dir='ltr'>IN</span> <span class='ocrx_word' id='word_1_3' title='bbox 872 142 918 184; x_wconf 83' lang='lat' dir='ltr'>C.</span> <span class='ocrx_word' id='word_1_4' title='bbox 950 140 1208 184; x_wconf 83' lang='lat' dir='ltr'><strong>VERREM</strong></span> 
     </span>
    </p>
   </div>
   <div class='ocr_carea' id='block_1_2' title="bbox 167 254 1806 2146">
    <p class='ocr_par' dir='ltr' id='par_1_2' title="bbox 167 254 1806 2146">
     <span class='ocr_line' id='line_1_2' title="bbox 176 254 1782 314; baseline -0.002 -14"><span class='ocrx_word' id='word_1_5' title='bbox 176 274 284 314; x_wconf 89' lang='lat' dir='ltr'>quae</span> <span class='ocrx_word' id='word_1_6' title='bbox 303 273 405 301; x_wconf 85' lang='lat' dir='ltr'>vera</span> <span class='ocrx_word' id='word_1_7' title='bbox 433 261 532 300; x_wconf 90' lang='lat' dir='ltr'>sunt</span> <span class='ocrx_word' id='word_1_8' title='bbox 563 256 714 299; x_wconf 86' lang='lat' dir='ltr'>dicam.</span> <span class='ocrx_word' id='word_1_9' title='bbox 775 256 995 312; x_wconf 82' lang='lat' dir='ltr'>Apronius</span> <span class='ocrx_word' id='word_1_10' title='bbox 1025 256 1166 311; x_wconf 89' lang='lat' dir='ltr'>ipsum</span> <span class='ocrx_word' id='word_1_11' title='bbox 1196 254 1422 296; x_wconf 88' lang='lat' dir='ltr'>Metellum</span> <span class='ocrx_word' id='word_1_12' title='bbox 1449 269 1537 297; x_wconf 90' lang='lat' dir='ltr'>non</span> <span class='ocrx_word' id='word_1_13' title='bbox 1566 254 1703 311; x_wconf 89' lang='lat' dir='ltr'>pretio</span> <span class='ocrx_word' id='word_1_14' title='bbox 1733 259 1782 296; x_wconf 89' lang='lat' dir='ltr'>ut</span> 
     </span>
     <span class='ocr_line' id='line_1_3' title="bbox 175 321 1782 377; baseline -0.003 -11"><span class='ocrx_word' id='word_1_15' title='bbox 175 325 368 374; x_wconf 84' lang='lat' dir='ltr'><strong>Verrem,</strong></span> <span class='ocrx_word' id='word_1_16' title='bbox 401 339 488 365; x_wconf 89' lang='lat' dir='ltr'>non</span> <span class='ocrx_word' id='word_1_17' title='bbox 521 323 729 372; x_wconf 85' lang='lat' dir='ltr'>convivio,</span> <span class='ocrx_word' id='word_1_18' title='bbox 764 338 851 363; x_wconf 89' lang='lat' dir='ltr'>non</span> <span class='ocrx_word' id='word_1_19' title='bbox 886 322 1077 371; x_wconf 89' lang='lat' dir='ltr'>muliere,</span> <span class='ocrx_word' id='word_1_20' title='bbox 1111 336 1199 362; x_wconf 91' lang='lat' dir='ltr'>non</span> <span class='ocrx_word' id='word_1_21' title='bbox 1232 336 1423 362; x_wconf 75' lang='lat' dir='ltr'>sermone</span> <span class='ocrx_word' id='word_1_22' title='bbox 1454 321 1622 377; x_wconf 89' lang='lat' dir='ltr'>impuro</span> <span class='ocrx_word' id='word_1_23' title='bbox 1655 326 1782 376; x_wconf 85' lang='lat' dir='ltr'>atque</span> 
     </span>
     <span class='ocr_line' id='line_1_4' title="bbox 174 387 1779 445; baseline -0.002 -14"><span class='ocrx_word' id='word_1_24' title='bbox 174 390 367 445; x_wconf 87' lang='lat' dir='ltr'>improbo</span> <span class='ocrx_word' id='word_1_25' title='bbox 396 394 536 445; x_wconf 87' lang='lat' dir='ltr'>posset</span> <span class='ocrx_word' id='word_1_26' title='bbox 563 403 844 443; x_wconf 87' lang='lat' dir='ltr'>eorrumpere,</span> <span class='ocrx_word' id='word_1_27' title='bbox 867 387 1021 442; x_wconf 89' lang='lat' dir='ltr'>quibus</span> <span class='ocrx_word' id='word_1_28' title='bbox 1048 387 1173 428; x_wconf 90' lang='lat' dir='ltr'>rebus</span> <span class='ocrx_word' id='word_1_29' title='bbox 1199 401 1286 428; x_wconf 91' lang='lat' dir='ltr'>non</span> <span class='ocrx_word' id='word_1_30' title='bbox 1314 387 1471 428; x_wconf 87' lang='lat' dir='ltr'>sensim</span> <span class='ocrx_word' id='word_1_31' title='bbox 1491 392 1616 442; x_wconf 84' lang='lat' dir='ltr'>atque</span> <span class='ocrx_word' id='word_1_32' title='bbox 1637 387 1779 428; x_wconf 90' lang='lat' dir='ltr'>mode-</span> 
     </span>
     <span class='ocr_line' id='line_1_5' title="bbox 173 451 1780 507; baseline -0.002 -11"><span class='ocrx_word' id='word_1_33' title='bbox 173 460 265 496; x_wconf 89' lang='lat' dir='ltr'>rate</span> <span class='ocrx_word' id='word_1_34' title='bbox 306 456 360 496; x_wconf 88' lang='lat' dir='ltr'>ad</span> <span class='ocrx_word' id='word_1_35' title='bbox 399 455 522 496; x_wconf 89' lang='lat' dir='ltr'>istius</span> <span class='ocrx_word' id='word_1_36' title='bbox 566 454 798 495; x_wconf 72' lang='lat' dir='ltr'>amicitiam</span> <span class='ocrx_word' id='word_1_37' title='bbox 839 453 1095 507; x_wconf 86' lang='lat' dir='ltr'>adrepserat,</span> <span class='ocrx_word' id='word_1_38' title='bbox 1137 452 1209 493; x_wconf 89' lang='lat' dir='ltr'>sed</span> <span class='ocrx_word' id='word_1_39' title='bbox 1249 451 1370 493; x_wconf 77' lang='lat' dir='ltr'>brevi</span> <span class='ocrx_word' id='word_1_40' title='bbox 1412 456 1601 507; x_wconf 89' lang='lat' dir='ltr'>tempore</span> <span class='ocrx_word' id='word_1_41' title='bbox 1639 456 1780 492; x_wconf 90' lang='lat' dir='ltr'>totum</span> 
     </span>
     <span class='ocr_line' id='line_1_6' title="bbox 173 516 1779 574; baseline -0.003 -12"><span class='ocrx_word' id='word_1_42' title='bbox 173 521 391 561; x_wconf 87' lang='lat' dir='ltr'>hominem</span> <span class='ocrx_word' id='word_1_43' title='bbox 423 525 640 574; x_wconf 85' lang='lat' dir='ltr'>totamque</span> <span class='ocrx_word' id='word_1_44' title='bbox 668 519 757 573; x_wconf 85' lang='lat' dir='ltr'>ejus</span> <span class='ocrx_word' id='word_1_45' title='bbox 789 523 1034 572; x_wconf 85' lang='lat' dir='ltr'>praeturam</span> <span class='ocrx_word' id='word_1_46' title='bbox 1064 518 1318 572; x_wconf 71' lang='lat' dir='ltr'>possederat.</span> <span class='ocrx_word' id='word_1_47' title='bbox 1381 516 1609 558; x_wconf 75' lang='lat' dir='ltr'>Cohortem</span> <span class='ocrx_word' id='word_1_48' title='bbox 1635 522 1779 558; x_wconf 88' lang='lat' dir='ltr'>autem</span> 
     </span>
     <span class='ocr_line' id='line_1_7' title="bbox 173 582 1774 641; baseline -0.002 -14"><span class='ocrx_word' id='word_1_49' title='bbox 173 586 341 627; x_wconf 77' lang='lat' dir='ltr'>Metelli</span> <span class='ocrx_word' id='word_1_50' title='bbox 368 601 497 641; x_wconf 87' lang='lat' dir='ltr'>quam</span> <span class='ocrx_word' id='word_1_51' title='bbox 526 588 661 633; x_wconf 84' lang='lat' dir='ltr'>vocat,</span> <span class='ocrx_word' id='word_1_52' title='bbox 692 583 797 638; x_wconf 90' lang='lat' dir='ltr'>quid</span> <span class='ocrx_word' id='word_1_53' title='bbox 822 587 912 623; x_wconf 87' lang='lat' dir='ltr'>erat</span> <span class='ocrx_word' id='word_1_54' title='bbox 942 582 1056 637; x_wconf 84' lang='lat' dir='ltr'>quod</span> <span class='ocrx_word' id='word_1_55' title='bbox 1081 587 1381 637; x_wconf 89' lang='lat' dir='ltr'>corrumperet,</span> <span class='ocrx_word' id='word_1_56' title='bbox 1411 597 1465 623; x_wconf 83' lang='lat' dir='ltr'>ex</span> <span class='ocrx_word' id='word_1_57' title='bbox 1491 597 1574 637; x_wconf 91' lang='lat' dir='ltr'>qua</span> <span class='ocrx_word' id='word_1_58' title='bbox 1603 597 1774 637; x_wconf 88' lang='lat' dir='ltr'>reeupe-</span> 
     </span>
     <span class='ocr_line' id='line_1_8' title="bbox 173 647 1806 704; baseline -0.002 -12"><span class='ocrx_word' id='word_1_59' title='bbox 173 656 333 692; x_wconf 88' lang='lat' dir='ltr'>ratores</span> <span class='ocrx_word' id='word_1_60' title='bbox 363 651 410 691; x_wconf 92' lang='lat' dir='ltr'>in</span> <span class='ocrx_word' id='word_1_61' title='bbox 440 655 650 691; x_wconf 87' lang='lat' dir='ltr'>aratorem</span> <span class='ocrx_word' id='word_1_62' title='bbox 679 648 790 688; x_wconf 89' lang='lat' dir='ltr'>nulli</span> <span class='ocrx_word' id='word_1_63' title='bbox 819 647 1065 689; x_wconf 81' lang='lat' dir='ltr'>dabantur?</span> <span class='ocrx_word' id='word_1_64' title='bbox 1124 647 1238 689; x_wconf 88' lang='lat' dir='ltr'>Nam</span> <span class='ocrx_word' id='word_1_65' title='bbox 1262 648 1376 702; x_wconf 89' lang='lat' dir='ltr'>quod</span> <span class='ocrx_word' id='word_1_66' title='bbox 1402 647 1548 689; x_wconf 83' lang='lat' dir='ltr'>scribit</span> <span class='ocrx_word' id='word_1_67' title='bbox 1584 647 1776 688; x_wconf 86' lang='lat' dir='ltr'>‘Metelli</span> <span class='ocrx_word' id='word_1_68' title='bbox 1803 701 1806 704; x_wconf 83' lang='lat'>.</span> 
     </span>
     <span class='ocr_line' id='line_1_9' title="bbox 171 713 1773 771; baseline -0.002 -13"><span class='ocrx_word' id='word_1_69' title='bbox 171 717 309 758; x_wconf 87' lang='lat' dir='ltr'>filium</span> <span class='ocrx_word' id='word_1_70' title='bbox 333 731 514 771; x_wconf 88' lang='lat' dir='ltr'>puerum</span> <span class='ocrx_word' id='word_1_71' title='bbox 540 714 655 763; x_wconf 85' lang='lat' dir='ltr'>esse,&#39;</span> <span class='ocrx_word' id='word_1_72' title='bbox 678 713 952 755; x_wconf 87' lang='lat' dir='ltr'>vehementer</span> <span class='ocrx_word' id='word_1_73' title='bbox 972 717 1110 754; x_wconf 87' lang='lat' dir='ltr'>errat:</span> <span class='ocrx_word' id='word_1_74' title='bbox 1141 728 1228 754; x_wconf 90' lang='lat' dir='ltr'>non</span> <span class='ocrx_word' id='word_1_75' title='bbox 1252 713 1367 754; x_wconf 90' lang='lat' dir='ltr'>enim</span> <span class='ocrx_word' id='word_1_76' title='bbox 1397 713 1452 754; x_wconf 91' lang='lat' dir='ltr'>ad</span> <span class='ocrx_word' id='word_1_77' title='bbox 1481 728 1625 754; x_wconf 89' lang='lat' dir='ltr'>omnes</span> <span class='ocrx_word' id='word_1_78' title='bbox 1653 728 1773 768; x_wconf 85' lang='lat' dir='ltr'>prae-</span> 
     </span>
     <span class='ocr_line' id='line_1_10' title="bbox 171 777 1774 828; baseline -0.002 -5"><span class='ocrx_word' id='word_1_79' title='bbox 171 787 313 823; x_wconf 88' lang='lat' dir='ltr'>torum</span> <span class='ocrx_word' id='word_1_80' title='bbox 333 782 442 823; x_wconf 86' lang='lat' dir='ltr'>filios</span> <span class='ocrx_word' id='word_1_81' title='bbox 462 781 592 822; x_wconf 89' lang='lat' dir='ltr'>iidem</span> <span class='ocrx_word' id='word_1_82' title='bbox 614 777 754 821; x_wconf 88' lang='lat' dir='ltr'>aditus</span> <span class='ocrx_word' id='word_1_83' title='bbox 776 783 886 819; x_wconf 89' lang='lat' dir='ltr'>sunt.</span> <span class='ocrx_word' id='word_1_84' title='bbox 949 778 985 819; x_wconf 89' lang='lat' dir='ltr'>O</span> <span class='ocrx_word' id='word_1_85' title='bbox 1008 778 1290 828; x_wconf 82' lang='lat' dir='ltr'>Timarchide,</span> <span class='ocrx_word' id='word_1_86' title='bbox 1314 778 1480 820; x_wconf 87' lang='lat' dir='ltr'>Metelli</span> <span class='ocrx_word' id='word_1_87' title='bbox 1500 784 1563 820; x_wconf 91' lang='lat' dir='ltr'>est</span> <span class='ocrx_word' id='word_1_88' title='bbox 1583 779 1696 820; x_wconf 92' lang='lat' dir='ltr'>filius</span> <span class='ocrx_word' id='word_1_89' title='bbox 1726 779 1774 819; x_wconf 90' lang='lat' dir='ltr'>in</span> 
     </span>
     <span class='ocr_line' id='line_1_11' title="bbox 170 844 1774 903; baseline -0.002 -14"><span class='ocrx_word' id='word_1_90' title='bbox 170 848 403 903; x_wconf 85' lang='lat' dir='ltr'>provincia,</span> <span class='ocrx_word' id='word_1_91' title='bbox 434 863 521 888; x_wconf 91' lang='lat' dir='ltr'>non</span> <span class='ocrx_word' id='word_1_92' title='bbox 550 861 668 902; x_wconf 88' lang='lat' dir='ltr'>puer,</span> <span class='ocrx_word' id='word_1_93' title='bbox 698 846 771 887; x_wconf 89' lang='lat' dir='ltr'>sed</span> <span class='ocrx_word' id='word_1_94' title='bbox 801 844 1041 886; x_wconf 82' lang='lat' dir='ltr'>adolescens</span> <span class='ocrx_word' id='word_1_95' title='bbox 1071 845 1205 886; x_wconf 88' lang='lat' dir='ltr'>bonus</span> <span class='ocrx_word' id='word_1_96' title='bbox 1236 860 1283 886; x_wconf 90' lang='lat' dir='ltr'>ac</span> <span class='ocrx_word' id='word_1_97' title='bbox 1313 845 1489 899; x_wconf 88' lang='lat' dir='ltr'>pudens,</span> <span class='ocrx_word' id='word_1_98' title='bbox 1512 845 1669 900; x_wconf 91' lang='lat' dir='ltr'>dignus</span> <span class='ocrx_word' id='word_1_99' title='bbox 1698 845 1774 886; x_wconf 89' lang='lat' dir='ltr'>illo</span> 
     </span>
     <span class='ocr_line' id='line_1_12' title="bbox 169 910 1772 965; baseline -0.002 -11"><span class='ocrx_word' id='word_1_100' title='bbox 169 913 261 954; x_wconf 91' lang='lat' dir='ltr'>loco</span> <span class='ocrx_word' id='word_1_101' title='bbox 283 929 330 954; x_wconf 88' lang='lat' dir='ltr'>ac</span> <span class='ocrx_word' id='word_1_102' title='bbox 351 913 535 954; x_wconf 90' lang='lat' dir='ltr'>nomine.</span> <span class='ocrx_word' id='word_1_103' title='bbox 596 912 749 953; x_wconf 86' lang='lat' dir='ltr'>Vester</span> <span class='ocrx_word' id='word_1_104' title='bbox 769 910 849 952; x_wconf 89' lang='lat' dir='ltr'>iste</span> <span class='ocrx_word' id='word_1_105' title='bbox 869 926 975 965; x_wconf 91' lang='lat' dir='ltr'>puer</span> <span class='ocrx_word' id='word_1_106' title='bbox 994 915 1286 965; x_wconf 85' lang='lat' dir='ltr'>praetextatus</span> <span class='ocrx_word' id='word_1_107' title='bbox 1315 910 1360 951; x_wconf 88' lang='lat' dir='ltr'>in</span> <span class='ocrx_word' id='word_1_108' title='bbox 1388 910 1607 965; x_wconf 82' lang='lat' dir='ltr'>provincia</span> <span class='ocrx_word' id='word_1_109' title='bbox 1627 925 1772 965; x_wconf 89' lang='lat' dir='ltr'>quem-</span> 
     </span>
     <span class='ocr_line' id='line_1_13' title="bbox 170 975 1774 1031; baseline -0.001 -13"><span class='ocrx_word' id='word_1_110' title='bbox 170 979 398 1019; x_wconf 85' lang='lat' dir='ltr'>admodum</span> <span class='ocrx_word' id='word_1_111' title='bbox 428 977 576 1018; x_wconf 87' lang='lat' dir='ltr'>fuisset</span> <span class='ocrx_word' id='word_1_112' title='bbox 605 992 691 1018; x_wconf 90' lang='lat' dir='ltr'>non</span> <span class='ocrx_word' id='word_1_113' title='bbox 722 975 918 1025; x_wconf 89' lang='lat' dir='ltr'>dicerem,</span> <span class='ocrx_word' id='word_1_114' title='bbox 942 975 978 1017; x_wconf 90' lang='lat' dir='ltr'>si</span> <span class='ocrx_word' id='word_1_115' title='bbox 1006 976 1128 1031; x_wconf 90' lang='lat' dir='ltr'>pueri</span> <span class='ocrx_word' id='word_1_116' title='bbox 1156 991 1243 1017; x_wconf 88' lang='lat' dir='ltr'>esse</span> <span class='ocrx_word' id='word_1_117' title='bbox 1270 976 1389 1017; x_wconf 87' lang='lat' dir='ltr'>illam</span> <span class='ocrx_word' id='word_1_118' title='bbox 1419 975 1587 1030; x_wconf 87' lang='lat' dir='ltr'>culpam</span> <span class='ocrx_word' id='word_1_119' title='bbox 1617 991 1665 1016; x_wconf 86' lang='lat' dir='ltr'>ae</span> <span class='ocrx_word' id='word_1_120' title='bbox 1685 990 1774 1016; x_wconf 87' lang='lat' dir='ltr'>non</span> 
     </span>
     <span class='ocr_line' id='line_1_14' title="bbox 168 1040 1773 1097; baseline -0.002 -13"><span class='ocrx_word' id='word_1_121' title='bbox 168 1043 304 1097; x_wconf 83' lang='lat' dir='ltr'>patris</span> <span class='ocrx_word' id='word_1_122' title='bbox 344 1043 646 1084; x_wconf 84' lang='lat' dir='ltr'>existimarem.</span> <span class='ocrx_word' id='word_1_123' title='bbox 713 1042 845 1091; x_wconf 91' lang='lat' dir='ltr'>Tune,</span> <span class='ocrx_word' id='word_1_124' title='bbox 883 1057 1016 1096; x_wconf 89' lang='lat' dir='ltr'>quum</span> <span class='ocrx_word' id='word_1_125' title='bbox 1050 1046 1093 1082; x_wconf 90' lang='lat' dir='ltr'>te</span> <span class='ocrx_word' id='word_1_126' title='bbox 1125 1057 1173 1083; x_wconf 88' lang='lat' dir='ltr'>ac</span> <span class='ocrx_word' id='word_1_127' title='bbox 1207 1046 1327 1082; x_wconf 89' lang='lat' dir='ltr'>tuam</span> <span class='ocrx_word' id='word_1_128' title='bbox 1360 1041 1497 1082; x_wconf 86' lang='lat' dir='ltr'>vitam</span> <span class='ocrx_word' id='word_1_129' title='bbox 1535 1055 1688 1090; x_wconf 90' lang='lat' dir='ltr'>nosses,</span> <span class='ocrx_word' id='word_1_130' title='bbox 1725 1040 1773 1081; x_wconf 89' lang='lat' dir='ltr'>in</span> 
     </span>
     <span class='ocr_line' id='line_1_15' title="bbox 169 1105 1774 1163; baseline -0.001 -14"><span class='ocrx_word' id='word_1_131' title='bbox 169 1109 359 1150; x_wconf 70' lang='lat' dir='ltr'>Siciliam</span> <span class='ocrx_word' id='word_1_132' title='bbox 389 1114 531 1150; x_wconf 89' lang='lat' dir='ltr'>tecum</span> <span class='ocrx_word' id='word_1_133' title='bbox 561 1108 768 1163; x_wconf 82' lang='lat' dir='ltr'>grandem</span> <span class='ocrx_word' id='word_1_134' title='bbox 797 1113 1114 1162; x_wconf 81' lang='lat' dir='ltr'>praetextatum</span> <span class='ocrx_word' id='word_1_135' title='bbox 1143 1107 1281 1148; x_wconf 90' lang='lat' dir='ltr'>filium</span> <span class='ocrx_word' id='word_1_136' title='bbox 1310 1107 1490 1148; x_wconf 81' lang='lat' dir='ltr'>ducebas</span> <span class='ocrx_word' id='word_1_137' title='bbox 1519 1111 1581 1156; x_wconf 90' lang='lat' dir='ltr'>ut,</span> <span class='ocrx_word' id='word_1_138' title='bbox 1607 1105 1774 1147; x_wconf 87' lang='lat' dir='ltr'>etiamsi</span> 
     </span>
     <span class='ocr_line' id='line_1_16' title="bbox 168 1172 1769 1229; baseline -0.001 -15"><span class='ocrx_word' id='word_1_139' title='bbox 168 1179 322 1215; x_wconf 85' lang='lat' dir='ltr'>natura</span> <span class='ocrx_word' id='word_1_140' title='bbox 343 1190 523 1229; x_wconf 90' lang='lat' dir='ltr'>puerum</span> <span class='ocrx_word' id='word_1_141' title='bbox 544 1190 568 1215; x_wconf 92' lang='lat' dir='ltr'>a</span> <span class='ocrx_word' id='word_1_142' title='bbox 588 1174 777 1229; x_wconf 86' lang='lat' dir='ltr'>paternis</span> <span class='ocrx_word' id='word_1_143' title='bbox 798 1174 915 1215; x_wconf 91' lang='lat' dir='ltr'>vitiis</span> <span class='ocrx_word' id='word_1_144' title='bbox 937 1181 1063 1229; x_wconf 86' lang='lat' dir='ltr'>atque</span> <span class='ocrx_word' id='word_1_145' title='bbox 1084 1188 1108 1214; x_wconf 85' lang='lat' dir='ltr'>a</span> <span class='ocrx_word' id='word_1_146' title='bbox 1136 1173 1304 1229; x_wconf 87' lang='lat' dir='ltr'>generis</span> <span class='ocrx_word' id='word_1_147' title='bbox 1331 1172 1611 1214; x_wconf 87' lang='lat' dir='ltr'>similitudine</span> <span class='ocrx_word' id='word_1_148' title='bbox 1638 1172 1769 1213; x_wconf 86' lang='lat' dir='ltr'>abdu-</span> 
     </span>
     <span class='ocr_line' id='line_1_17' title="bbox 169 1237 1773 1294; baseline -0.001 -14"><span class='ocrx_word' id='word_1_149' title='bbox 169 1244 295 1289; x_wconf 89' lang='lat' dir='ltr'>ceret,</span> <span class='ocrx_word' id='word_1_150' title='bbox 319 1240 576 1281; x_wconf 89' lang='lat' dir='ltr'>consuetudo</span> <span class='ocrx_word' id='word_1_151' title='bbox 597 1244 741 1280; x_wconf 89' lang='lat' dir='ltr'>tamen</span> <span class='ocrx_word' id='word_1_152' title='bbox 763 1255 861 1280; x_wconf 88' lang='lat' dir='ltr'>eum</span> <span class='ocrx_word' id='word_1_153' title='bbox 881 1244 923 1280; x_wconf 89' lang='lat' dir='ltr'>et</span> <span class='ocrx_word' id='word_1_154' title='bbox 944 1239 1168 1293; x_wconf 86' lang='lat' dir='ltr'>disciplina</span> <span class='ocrx_word' id='word_1_155' title='bbox 1189 1240 1447 1294; x_wconf 84' lang='lat' dir='ltr'>degenerare</span> <span class='ocrx_word' id='word_1_156' title='bbox 1468 1253 1554 1279; x_wconf 88' lang='lat' dir='ltr'>non</span> <span class='ocrx_word' id='word_1_157' title='bbox 1581 1238 1739 1279; x_wconf 88' lang='lat' dir='ltr'>sineret</span> <span class='ocrx_word' id='word_1_158' title='bbox 1753 1237 1773 1278; x_wconf 74' lang='lat'>⁶?</span> 
     </span>
     <span class='ocr_line' id='line_1_18' title="bbox 170 1303 1778 1357; baseline -0.001 -12"><span class='ocrx_word' id='word_1_159' title='bbox 170 1304 207 1344; x_wconf 84' lang='lat' dir='ltr'>F</span> <span class='ocrx_word' id='word_1_160' title='bbox 210 1320 257 1345; x_wconf 89' lang='lat' dir='ltr'>ac</span> <span class='ocrx_word' id='word_1_161' title='bbox 289 1305 405 1345; x_wconf 88' lang='lat' dir='ltr'>enim</span> <span class='ocrx_word' id='word_1_162' title='bbox 434 1304 562 1345; x_wconf 86' lang='lat' dir='ltr'>fuisse</span> <span class='ocrx_word' id='word_1_163' title='bbox 592 1305 639 1345; x_wconf 90' lang='lat' dir='ltr'>in</span> <span class='ocrx_word' id='word_1_164' title='bbox 670 1320 717 1345; x_wconf 90' lang='lat' dir='ltr'>eo</span> <span class='ocrx_word' id='word_1_165' title='bbox 749 1304 795 1345; x_wconf 81' lang='lat' dir='ltr'>O.</span> <span class='ocrx_word' id='word_1_166' title='bbox 827 1304 966 1345; x_wconf 89' lang='lat' dir='ltr'>Laelii</span> <span class='ocrx_word' id='word_1_167' title='bbox 996 1309 1070 1345; x_wconf 90' lang='lat' dir='ltr'>aut</span> <span class='ocrx_word' id='word_1_168' title='bbox 1100 1304 1161 1345; x_wconf 89' lang='lat' dir='ltr'>M.</span> <span class='ocrx_word' id='word_1_169' title='bbox 1196 1303 1368 1345; x_wconf 79' lang='lat' dir='ltr'>Catonis</span> <span class='ocrx_word' id='word_1_170' title='bbox 1398 1303 1621 1344; x_wconf 87' lang='lat' dir='ltr'>materiem</span> <span class='ocrx_word' id='word_1_171' title='bbox 1651 1308 1778 1357; x_wconf 89' lang='lat' dir='ltr'>atque</span> 
     </span>
     <span class='ocr_line' id='line_1_19' title="bbox 170 1368 1778 1425; baseline 0 -15"><span class='ocrx_word' id='word_1_172' title='bbox 170 1370 372 1419; x_wconf 85' lang='lat' dir='ltr'>indolem,</span> <span class='ocrx_word' id='word_1_173' title='bbox 405 1370 509 1425; x_wconf 88' lang='lat' dir='ltr'>quid</span> <span class='ocrx_word' id='word_1_174' title='bbox 539 1385 593 1410; x_wconf 84' lang='lat' dir='ltr'>ex</span> <span class='ocrx_word' id='word_1_175' title='bbox 623 1385 671 1411; x_wconf 92' lang='lat' dir='ltr'>eo</span> <span class='ocrx_word' id='word_1_176' title='bbox 701 1370 802 1410; x_wconf 89' lang='lat' dir='ltr'>boni</span> <span class='ocrx_word' id='word_1_177' title='bbox 833 1369 994 1424; x_wconf 87' lang='lat' dir='ltr'>sperari</span> <span class='ocrx_word' id='word_1_178' title='bbox 1025 1374 1152 1424; x_wconf 86' lang='lat' dir='ltr'>atque</span> <span class='ocrx_word' id='word_1_179' title='bbox 1183 1369 1291 1410; x_wconf 89' lang='lat' dir='ltr'>effici</span> <span class='ocrx_word' id='word_1_180' title='bbox 1320 1374 1458 1424; x_wconf 91' lang='lat' dir='ltr'>potest</span> <span class='ocrx_word' id='word_1_181' title='bbox 1479 1369 1553 1424; x_wconf 88' lang='lat' dir='ltr'>qui</span> <span class='ocrx_word' id='word_1_182' title='bbox 1574 1369 1620 1409; x_wconf 90' lang='lat' dir='ltr'>in</span> <span class='ocrx_word' id='word_1_183' title='bbox 1643 1368 1778 1423; x_wconf 87' lang='lat' dir='ltr'>patris</span> 
     </span>
     <span class='ocr_line' id='line_1_20' title="bbox 169 1433 1778 1490; baseline -0.001 -14"><span class='ocrx_word' id='word_1_184' title='bbox 169 1435 339 1476; x_wconf 76' lang='lat' dir='ltr'>luxurie</span> <span class='ocrx_word' id='word_1_185' title='bbox 380 1435 439 1476; x_wconf 89' lang='lat' dir='ltr'>sie</span> <span class='ocrx_word' id='word_1_186' title='bbox 471 1435 632 1476; x_wconf 79' lang='lat' dir='ltr'>vixerit</span> <span class='ocrx_word' id='word_1_187' title='bbox 663 1441 712 1476; x_wconf 91' lang='lat' dir='ltr'>ut</span> <span class='ocrx_word' id='word_1_188' title='bbox 751 1435 919 1476; x_wconf 91' lang='lat' dir='ltr'>nullum</span> <span class='ocrx_word' id='word_1_189' title='bbox 959 1450 1149 1489; x_wconf 88' lang='lat' dir='ltr'>unquam</span> <span class='ocrx_word' id='word_1_190' title='bbox 1183 1434 1386 1489; x_wconf 89' lang='lat' dir='ltr'>pudicum</span> <span class='ocrx_word' id='word_1_191' title='bbox 1420 1449 1558 1490; x_wconf 86' lang='lat' dir='ltr'>neque</span> <span class='ocrx_word' id='word_1_192' title='bbox 1590 1433 1778 1475; x_wconf 89' lang='lat' dir='ltr'>sobrium</span> 
     </span>
     <span class='ocr_line' id='line_1_21' title="bbox 167 1499 1776 1555; baseline -0.001 -13"><span class='ocrx_word' id='word_1_193' title='bbox 167 1500 413 1542; x_wconf 87' lang='lat' dir='ltr'>convivium</span> <span class='ocrx_word' id='word_1_194' title='bbox 443 1500 634 1542; x_wconf 78' lang='lat' dir='ltr'>viderit?</span> <span class='ocrx_word' id='word_1_195' title='bbox 675 1500 750 1555; x_wconf 88' lang='lat' dir='ltr'>qui</span> <span class='ocrx_word' id='word_1_196' title='bbox 784 1501 831 1541; x_wconf 90' lang='lat' dir='ltr'>in</span> <span class='ocrx_word' id='word_1_197' title='bbox 863 1500 998 1555; x_wconf 88' lang='lat' dir='ltr'>epulis</span> <span class='ocrx_word' id='word_1_198' title='bbox 1034 1499 1294 1555; x_wconf 87' lang='lat' dir='ltr'>quotidianis</span> <span class='ocrx_word' id='word_1_199' title='bbox 1335 1500 1481 1541; x_wconf 83' lang='lat' dir='ltr'>adulta</span> <span class='ocrx_word' id='word_1_200' title='bbox 1521 1504 1658 1541; x_wconf 86' lang='lat' dir='ltr'>aetate</span> <span class='ocrx_word' id='word_1_201' title='bbox 1682 1515 1776 1554; x_wconf 74' lang='lat' dir='ltr'>per</span> 
     </span>
     <span class='ocr_line' id='line_1_22' title="bbox 169 1565 1778 1620; baseline -0.001 -14"><span class='ocrx_word' id='word_1_202' title='bbox 169 1566 404 1607; x_wconf 85' lang='lat' dir='ltr'>triennium</span> <span class='ocrx_word' id='word_1_203' title='bbox 425 1566 538 1606; x_wconf 89' lang='lat' dir='ltr'>inter</span> <span class='ocrx_word' id='word_1_204' title='bbox 558 1566 795 1620; x_wconf 89' lang='lat' dir='ltr'>impudicas</span> <span class='ocrx_word' id='word_1_205' title='bbox 816 1566 1014 1606; x_wconf 90' lang='lat' dir='ltr'>mulieres</span> <span class='ocrx_word' id='word_1_206' title='bbox 1035 1570 1077 1606; x_wconf 91' lang='lat' dir='ltr'>et</span> <span class='ocrx_word' id='word_1_207' title='bbox 1098 1565 1431 1620; x_wconf 80' lang='lat' dir='ltr'>intemperantes</span> <span class='ocrx_word' id='word_1_208' title='bbox 1451 1565 1564 1607; x_wconf 82' lang='lat' dir='ltr'>viros</span> <span class='ocrx_word' id='word_1_209' title='bbox 1585 1571 1778 1607; x_wconf 83' lang='lat' dir='ltr'>versatus</span> 
     </span>
     <span class='ocr_line' id='line_1_23' title="bbox 169 1629 1777 1686; baseline 0 -15"><span class='ocrx_word' id='word_1_210' title='bbox 169 1631 260 1672; x_wconf 79' lang='lat' dir='ltr'>sit?</span> <span class='ocrx_word' id='word_1_211' title='bbox 282 1631 393 1671; x_wconf 89' lang='lat' dir='ltr'>nihil</span> <span class='ocrx_word' id='word_1_212' title='bbox 413 1646 604 1686; x_wconf 90' lang='lat' dir='ltr'>unquam</span> <span class='ocrx_word' id='word_1_213' title='bbox 625 1631 809 1672; x_wconf 88' lang='lat' dir='ltr'>audierit</span> <span class='ocrx_word' id='word_1_214' title='bbox 830 1647 854 1672; x_wconf 89' lang='lat' dir='ltr'>a</span> <span class='ocrx_word' id='word_1_215' title='bbox 874 1636 996 1685; x_wconf 89' lang='lat' dir='ltr'>patre</span> <span class='ocrx_word' id='word_1_216' title='bbox 1017 1645 1100 1685; x_wconf 89' lang='lat' dir='ltr'>quo</span> <span class='ocrx_word' id='word_1_217' title='bbox 1120 1631 1349 1685; x_wconf 84' lang='lat' dir='ltr'>pudentior</span> <span class='ocrx_word' id='word_1_218' title='bbox 1370 1636 1444 1683; x_wconf 84' lang='lat' dir='ltr'>aut</span> <span class='ocrx_word' id='word_1_219' title='bbox 1464 1630 1614 1672; x_wconf 88' lang='lat' dir='ltr'>melior</span> <span class='ocrx_word' id='word_1_220' title='bbox 1635 1629 1777 1671; x_wconf 77' lang='lat' dir='ltr'>esset?</span> 
     </span>
     <span class='ocr_line' id='line_1_24' title="bbox 168 1695 1775 1751; baseline 0 -14"><span class='ocrx_word' id='word_1_221' title='bbox 168 1696 280 1737; x_wconf 83' lang='lat' dir='ltr'>nihil</span> <span class='ocrx_word' id='word_1_222' title='bbox 300 1711 490 1751; x_wconf 88' lang='lat' dir='ltr'>unquam</span> <span class='ocrx_word' id='word_1_223' title='bbox 511 1701 678 1751; x_wconf 85' lang='lat' dir='ltr'>patrem</span> <span class='ocrx_word' id='word_1_224' title='bbox 698 1696 835 1737; x_wconf 87' lang='lat' dir='ltr'>faeere</span> <span class='ocrx_word' id='word_1_225' title='bbox 857 1696 1026 1745; x_wconf 87' lang='lat' dir='ltr'>viderit,</span> <span class='ocrx_word' id='word_1_226' title='bbox 1045 1696 1157 1750; x_wconf 90' lang='lat' dir='ltr'>quod</span> <span class='ocrx_word' id='word_1_227' title='bbox 1173 1711 1304 1750; x_wconf 91' lang='lat' dir='ltr'>quum</span> <span class='ocrx_word' id='word_1_228' title='bbox 1325 1695 1517 1737; x_wconf 83' lang='lat' dir='ltr'>imitatus</span> <span class='ocrx_word' id='word_1_229' title='bbox 1539 1700 1658 1745; x_wconf 89' lang='lat' dir='ltr'>esset,</span> <span class='ocrx_word' id='word_1_230' title='bbox 1675 1711 1775 1745; x_wconf 87' lang='lat' dir='ltr'>non,</span> 
     </span>
     <span class='ocr_line' id='line_1_25' title="bbox 168 1761 1777 1818; baseline 0 -15"><span class='ocrx_word' id='word_1_231' title='bbox 168 1763 213 1803; x_wconf 88' lang='lat' dir='ltr'>id</span> <span class='ocrx_word' id='word_1_232' title='bbox 235 1763 347 1818; x_wconf 89' lang='lat' dir='ltr'>quod</span> <span class='ocrx_word' id='word_1_233' title='bbox 369 1762 665 1817; x_wconf 85' lang='lat' dir='ltr'>turpissimum</span> <span class='ocrx_word' id='word_1_234' title='bbox 686 1767 761 1812; x_wconf 89' lang='lat' dir='ltr'>est,</span> <span class='ocrx_word' id='word_1_235' title='bbox 784 1761 919 1817; x_wconf 85' lang='lat' dir='ltr'>patris</span> <span class='ocrx_word' id='word_1_236' title='bbox 940 1761 1090 1802; x_wconf 89' lang='lat' dir='ltr'>similis</span> <span class='ocrx_word' id='word_1_237' title='bbox 1110 1762 1367 1815; x_wconf 78' lang='lat' dir='ltr'>putaretur?</span> <span class='ocrx_word' id='word_1_238' title='bbox 1422 1761 1587 1803; x_wconf 91' lang='lat' dir='ltr'>LXIX.</span> <span class='ocrx_word' id='word_1_239' title='bbox 1612 1762 1777 1808; x_wconf 77' lang='lat' dir='ltr'>Quibus</span> 
     </span>
     <span class='ocr_line' id='line_1_26' title="bbox 167 1827 1777 1882; baseline 0 -13"><span class='ocrx_word' id='word_1_240' title='bbox 167 1829 214 1869; x_wconf 89' lang='lat' dir='ltr'>in</span> <span class='ocrx_word' id='word_1_241' title='bbox 250 1829 375 1870; x_wconf 89' lang='lat' dir='ltr'>rebus</span> <span class='ocrx_word' id='word_1_242' title='bbox 407 1843 492 1869; x_wconf 91' lang='lat' dir='ltr'>non</span> <span class='ocrx_word' id='word_1_243' title='bbox 527 1828 664 1869; x_wconf 90' lang='lat' dir='ltr'>solum</span> <span class='ocrx_word' id='word_1_244' title='bbox 696 1828 797 1877; x_wconf 91' lang='lat' dir='ltr'>filio,</span> <span class='ocrx_word' id='word_1_245' title='bbox 836 1828 1006 1877; x_wconf 85' lang='lat' dir='ltr'>Verres,</span> <span class='ocrx_word' id='word_1_246' title='bbox 1041 1828 1114 1868; x_wconf 89' lang='lat' dir='ltr'>sed</span> <span class='ocrx_word' id='word_1_247' title='bbox 1146 1827 1276 1868; x_wconf 90' lang='lat' dir='ltr'>etiam</span> <span class='ocrx_word' id='word_1_248' title='bbox 1308 1827 1372 1868; x_wconf 91' lang='lat' dir='ltr'>rei</span> <span class='ocrx_word' id='word_1_249' title='bbox 1410 1828 1605 1882; x_wconf 87' lang='lat' dir='ltr'>publicae</span> <span class='ocrx_word' id='word_1_250' title='bbox 1636 1828 1777 1869; x_wconf 84' lang='lat' dir='ltr'>fecisti</span> 
     </span>
     <span class='ocr_line' id='line_1_27' title="bbox 167 1892 1774 1949; baseline 0.001 -16"><span class='ocrx_word' id='word_1_251' title='bbox 167 1893 386 1949; x_wconf 85' lang='lat' dir='ltr'>injuriam.</span> <span class='ocrx_word' id='word_1_252' title='bbox 417 1893 668 1948; x_wconf 81' lang='lat' dir='ltr'>Susceperas</span> <span class='ocrx_word' id='word_1_253' title='bbox 685 1893 800 1934; x_wconf 91' lang='lat' dir='ltr'>enim</span> <span class='ocrx_word' id='word_1_254' title='bbox 820 1893 975 1934; x_wconf 89' lang='lat' dir='ltr'>liberos</span> <span class='ocrx_word' id='word_1_255' title='bbox 995 1908 1082 1934; x_wconf 90' lang='lat' dir='ltr'>non</span> <span class='ocrx_word' id='word_1_256' title='bbox 1103 1892 1240 1934; x_wconf 90' lang='lat' dir='ltr'>solum</span> <span class='ocrx_word' id='word_1_257' title='bbox 1260 1893 1341 1934; x_wconf 88' lang='lat' dir='ltr'>tibi</span> <span class='ocrx_word' id='word_1_258' title='bbox 1361 1894 1433 1934; x_wconf 89' lang='lat' dir='ltr'>sed</span> <span class='ocrx_word' id='word_1_259' title='bbox 1447 1893 1575 1934; x_wconf 88' lang='lat' dir='ltr'>etiam</span> <span class='ocrx_word' id='word_1_260' title='bbox 1596 1894 1774 1948; x_wconf 85' lang='lat' dir='ltr'>patriae,</span> 
     </span>
     <span class='ocr_line' id='line_1_28' title="bbox 168 1958 1778 2014; baseline 0.001 -14"><span class='ocrx_word' id='word_1_261' title='bbox 168 1960 243 2014; x_wconf 83' lang='lat' dir='ltr'>qui</span> <span class='ocrx_word' id='word_1_262' title='bbox 282 1974 369 2000; x_wconf 90' lang='grc'>11011</span> <span class='ocrx_word' id='word_1_263' title='bbox 408 1960 532 2000; x_wconf 83' lang='grc' dir='ltr'>1110ᾶο</span> <span class='ocrx_word' id='word_1_264' title='bbox 566 1959 646 2000; x_wconf 90' lang='lat' dir='ltr'>tibi</span> <span class='ocrx_word' id='word_1_265' title='bbox 677 1959 890 2013; x_wconf 87' lang='lat' dir='ltr'>Voluptati</span> <span class='ocrx_word' id='word_1_266' title='bbox 929 1959 1002 1999; x_wconf 89' lang='lat' dir='ltr'>sed</span> <span class='ocrx_word' id='word_1_267' title='bbox 1034 1958 1164 1999; x_wconf 87' lang='lat' dir='ltr'>etiam</span> <span class='ocrx_word' id='word_1_268' title='bbox 1196 1958 1271 2012; x_wconf 82' lang='lat' dir='ltr'>qui</span> <span class='ocrx_word' id='word_1_269' title='bbox 1311 1958 1539 2013; x_wconf 87' lang='lat' dir='ltr'>aliquando</span> <span class='ocrx_word' id='word_1_270' title='bbox 1578 1960 1674 2001; x_wconf 86' lang='lat' dir='ltr'>usui</span> <span class='ocrx_word' id='word_1_271' title='bbox 1713 1960 1778 2003; x_wconf 90' lang='lat' dir='ltr'>rei</span> 
     </span>
     <span class='ocr_line' id='line_1_29' title="bbox 167 2024 1775 2082; baseline 0.002 -17"><span class='ocrx_word' id='word_1_272' title='bbox 167 2025 362 2079; x_wconf 86' lang='lat' dir='ltr'>publicae</span> <span class='ocrx_word' id='word_1_273' title='bbox 397 2029 566 2079; x_wconf 88' lang='lat' dir='ltr'>possent</span> <span class='ocrx_word' id='word_1_274' title='bbox 597 2040 695 2065; x_wconf 86' lang='lat' dir='ltr'>esse.</span> <span class='ocrx_word' id='word_1_275' title='bbox 759 2025 843 2065; x_wconf 87' lang='lat' dir='ltr'>Eos</span> <span class='ocrx_word' id='word_1_276' title='bbox 873 2024 1096 2065; x_wconf 88' lang='lat' dir='ltr'>instituere</span> <span class='ocrx_word' id='word_1_277' title='bbox 1127 2028 1253 2078; x_wconf 87' lang='lat' dir='ltr'>atque</span> <span class='ocrx_word' id='word_1_278' title='bbox 1284 2024 1452 2065; x_wconf 88' lang='lat' dir='ltr'>erudire</span> <span class='ocrx_word' id='word_1_279' title='bbox 1482 2025 1536 2065; x_wconf 87' lang='lat' dir='ltr'>ad</span> <span class='ocrx_word' id='word_1_280' title='bbox 1565 2026 1775 2082; x_wconf 83' lang='lat' dir='ltr'>majorum</span> 
     </span>
     <span class='ocr_line' id='line_1_30' title="bbox 168 2088 1774 2146; baseline 0.002 -16"><span class='ocrx_word' id='word_1_281' title='bbox 168 2090 366 2131; x_wconf 84' lang='lat' dir='ltr'>instituta</span> <span class='ocrx_word' id='word_1_282' title='bbox 388 2096 514 2145; x_wconf 89' lang='lat' dir='ltr'>atque</span> <span class='ocrx_word' id='word_1_283' title='bbox 542 2089 728 2131; x_wconf 87' lang='lat' dir='ltr'>civitatis</span> <span class='ocrx_word' id='word_1_284' title='bbox 753 2089 1036 2145; x_wconf 85' lang='lat' dir='ltr'>disciplinam,</span> <span class='ocrx_word' id='word_1_285' title='bbox 1059 2104 1147 2130; x_wconf 90' lang='lat' dir='ltr'>non</span> <span class='ocrx_word' id='word_1_286' title='bbox 1177 2089 1231 2130; x_wconf 86' lang='lat' dir='ltr'>ad</span> <span class='ocrx_word' id='word_1_287' title='bbox 1261 2094 1335 2130; x_wconf 87' lang='lat' dir='ltr'>tua</span> <span class='ocrx_word' id='word_1_288' title='bbox 1359 2088 1525 2145; x_wconf 87' lang='lat' dir='ltr'>flagitia</span> <span class='ocrx_word' id='word_1_289' title='bbox 1554 2105 1692 2146; x_wconf 88' lang='lat' dir='ltr'>neque</span> <span class='ocrx_word' id='word_1_290' title='bbox 1720 2093 1774 2134; x_wconf 86' lang='lat' dir='ltr'>ad</span> 
     </span>
    </p>
   </div>
   <div class='ocr_carea' id='block_1_3' title="bbox 166 2227 948 2870">
    <p class='ocr_par' dir='ltr' id='par_1_3' title="bbox 168 2227 947 2352">
     <span class='ocr_line' id='line_1_31' title="bbox 168 2227 947 2269; baseline 0.001 -12"><span class='ocrx_word' id='word_1_291' title='bbox 168 2229 211 2269; x_wconf 73' lang='lat' dir='ltr'>by</span> <span class='ocrx_word' id='word_1_292' title='bbox 228 2228 340 2264; x_wconf 79' lang='lat' dir='ltr'>Orelli,</span> <span class='ocrx_word' id='word_1_293' title='bbox 369 2228 508 2265; x_wconf 80' lang='lat' dir='ltr'>Horace,</span> <span class='ocrx_word' id='word_1_294' title='bbox 537 2228 645 2259; x_wconf 81' lang='lat' dir='ltr'>Carm.</span> <span class='ocrx_word' id='word_1_295' title='bbox 670 2228 713 2258; x_wconf 85' lang='lat' dir='ltr'>iv.</span> <span class='ocrx_word' id='word_1_296' title='bbox 743 2227 787 2268; x_wconf 79' lang='lat'>4.)</span> <span class='ocrx_word' id='word_1_297' title='bbox 835 2227 947 2268; x_wconf 86' lang='lat' dir='ltr'>Comp.</span> 
     </span>
     <span class='ocr_line' id='line_1_32' title="bbox 169 2271 947 2308; baseline 0 -7"><span class='ocrx_word' id='word_1_298' title='bbox 169 2272 234 2301; x_wconf 78' lang='lat' dir='ltr'>Pro</span> <span class='ocrx_word' id='word_1_299' title='bbox 251 2272 282 2301; x_wconf 86' lang='lat' dir='ltr'>S.</span> <span class='ocrx_word' id='word_1_300' title='bbox 300 2272 394 2301; x_wconf 73' lang='lat' dir='ltr'>Rose.</span> <span class='ocrx_word' id='word_1_301' title='bbox 411 2272 520 2302; x_wconf 73' lang='lat' dir='ltr'>Amor.</span> <span class='ocrx_word' id='word_1_302' title='bbox 537 2282 564 2301; x_wconf 89' lang='grc'>0.</span> <span class='ocrx_word' id='word_1_303' title='bbox 581 2273 623 2302; x_wconf 79' lang='lat'>48</span> <span class='ocrx_word' id='word_1_304' title='bbox 633 2284 642 2308; x_wconf 84' lang='lat'>;</span> <span class='ocrx_word' id='word_1_305' title='bbox 667 2271 732 2301; x_wconf 84' lang='lat' dir='ltr'>Pro</span> <span class='ocrx_word' id='word_1_306' title='bbox 756 2271 902 2308; x_wconf 77' lang='lat' dir='ltr'>Fonteio,</span> <span class='ocrx_word' id='word_1_307' title='bbox 920 2282 947 2302; x_wconf 91' lang='grc'>0.</span> 
     </span>
     <span class='ocr_line' id='line_1_33' title="bbox 168 2314 577 2352; baseline 0 -8"><span class='ocrx_word' id='word_1_308' title='bbox 168 2317 208 2352; x_wconf 82' lang='grc'>8;</span> <span class='ocrx_word' id='word_1_309' title='bbox 234 2314 297 2344; x_wconf 86' lang='lat' dir='ltr'>Pro</span> <span class='ocrx_word' id='word_1_310' title='bbox 314 2314 463 2350; x_wconf 80' lang='lat' dir='ltr'>Murena,</span> <span class='ocrx_word' id='word_1_311' title='bbox 482 2325 508 2344; x_wconf 85' lang='grc'>0.</span> <span class='ocrx_word' id='word_1_312' title='bbox 526 2316 577 2345; x_wconf 84' lang='grc'>10.</span> 
     </span>
    </p>

    <p class='ocr_par' dir='ltr' id='par_1_4' title="bbox 168 2357 948 2437">
     <span class='ocr_line' id='line_1_34' title="bbox 220 2357 948 2397; baseline -0.001 -10"><span class='ocrx_word' id='word_1_313' title='bbox 220 2358 331 2387; x_wconf 66' lang='lat' dir='ltr'>Vester</span> <span class='ocrx_word' id='word_1_314' title='bbox 347 2358 408 2386; x_wconf 63' lang='lat' dir='ltr'>isle</span> <span class='ocrx_word' id='word_1_315' title='bbox 428 2357 529 2397; x_wconf 75' lang='lat' dir='ltr'>puer]</span> <span class='ocrx_word' id='word_1_316' title='bbox 577 2357 645 2387; x_wconf 87' lang='lat' dir='ltr'>The</span> <span class='ocrx_word' id='word_1_317' title='bbox 670 2357 807 2397; x_wconf 83' lang='lat' dir='ltr'>reading</span> <span class='ocrx_word' id='word_1_318' title='bbox 830 2357 867 2387; x_wconf 84' lang='lat' dir='ltr'>of</span> <span class='ocrx_word' id='word_1_319' title='bbox 886 2357 948 2397; x_wconf 84' lang='lat' dir='ltr'>Lg.</span> 
     </span>
     <span class='ocr_line' id='line_1_35' title="bbox 168 2400 720 2437; baseline -0.004 -6"><span class='ocrx_word' id='word_1_320' title='bbox 168 2402 220 2437; x_wconf 78' lang='lat'>42,</span> <span class='ocrx_word' id='word_1_321' title='bbox 238 2400 365 2430; x_wconf 77' lang='lat' dir='ltr'>instead</span> <span class='ocrx_word' id='word_1_322' title='bbox 381 2400 418 2430; x_wconf 86' lang='lat' dir='ltr'>of</span> <span class='ocrx_word' id='word_1_323' title='bbox 429 2404 438 2417; x_wconf 89' lang='lat'>‘</span> <span class='ocrx_word' id='word_1_324' title='bbox 449 2403 556 2430; x_wconf 78' lang='lat' dir='ltr'>vester</span> <span class='ocrx_word' id='word_1_325' title='bbox 572 2400 647 2435; x_wconf 83' lang='lat' dir='ltr'>ille‚&#39;</span> <span class='ocrx_word' id='word_1_326' title='bbox 664 2400 720 2429; x_wconf 56' lang='lat' dir='ltr'>&amp;cn</span> 
     </span>
    </p>

    <p class='ocr_par' dir='ltr' id='par_1_5' title="bbox 166 2442 948 2870">
     <span class='ocr_line' id='line_1_36' title="bbox 217 2442 948 2483; baseline -0.003 -10"><span class='ocrx_word' id='word_1_327' title='bbox 217 2444 249 2473; x_wconf 81' lang='lat' dir='ltr'>C.</span> <span class='ocrx_word' id='word_1_328' title='bbox 266 2443 393 2483; x_wconf 64' lang='lat' dir='ltr'>Laelii]</span> <span class='ocrx_word' id='word_1_329' title='bbox 442 2443 520 2472; x_wconf 80' lang='lat' dir='ltr'>This</span> <span class='ocrx_word' id='word_1_330' title='bbox 543 2443 568 2472; x_wconf 86' lang='lat' dir='ltr'>is</span> <span class='ocrx_word' id='word_1_331' title='bbox 592 2443 649 2473; x_wconf 85' lang='lat' dir='ltr'>the</span> <span class='ocrx_word' id='word_1_332' title='bbox 673 2442 708 2473; x_wconf 87' lang='lat' dir='ltr'>C.</span> <span class='ocrx_word' id='word_1_333' title='bbox 733 2442 872 2478; x_wconf 85' lang='lat' dir='ltr'>Laelius,</span> <span class='ocrx_word' id='word_1_334' title='bbox 890 2442 948 2472; x_wconf 87' lang='lat' dir='ltr'>the</span> 
     </span>
     <span class='ocr_line' id='line_1_37' title="bbox 166 2485 945 2527; baseline 0 -12"><span class='ocrx_word' id='word_1_335' title='bbox 166 2486 325 2527; x_wconf 80' lang='lat' dir='ltr'>principal</span> <span class='ocrx_word' id='word_1_336' title='bbox 341 2485 475 2526; x_wconf 80' lang='lat' dir='ltr'>speaker</span> <span class='ocrx_word' id='word_1_337' title='bbox 499 2486 533 2515; x_wconf 90' lang='lat' dir='ltr'>in</span> <span class='ocrx_word' id='word_1_338' title='bbox 559 2486 616 2516; x_wconf 88' lang='lat' dir='ltr'>the</span> <span class='ocrx_word' id='word_1_339' title='bbox 641 2486 775 2515; x_wconf 81' lang='lat' dir='ltr'>treatise</span> <span class='ocrx_word' id='word_1_340' title='bbox 792 2485 840 2515; x_wconf 88' lang='lat' dir='ltr'>De</span> <span class='ocrx_word' id='word_1_341' title='bbox 856 2485 945 2515; x_wconf 83' lang='lat' dir='ltr'>Ami-</span> 
     </span>
     <span class='ocr_line' id='line_1_38' title="bbox 168 2528 944 2569; baseline -0.004 -9"><span class='ocrx_word' id='word_1_342' title='bbox 168 2530 256 2560; x_wconf 70' lang='lat' dir='ltr'>citia.</span> <span class='ocrx_word' id='word_1_343' title='bbox 303 2530 485 2565; x_wconf 82' lang='lat' dir='ltr'>Hotmann,</span> <span class='ocrx_word' id='word_1_344' title='bbox 501 2529 545 2569; x_wconf 80' lang='lat' dir='ltr'>by</span> <span class='ocrx_word' id='word_1_345' title='bbox 561 2539 601 2558; x_wconf 83' lang='lat' dir='ltr'>an</span> <span class='ocrx_word' id='word_1_346' title='bbox 618 2529 682 2558; x_wconf 89' lang='lat' dir='ltr'>odd</span> <span class='ocrx_word' id='word_1_347' title='bbox 704 2528 853 2563; x_wconf 86' lang='lat' dir='ltr'>blunder,</span> <span class='ocrx_word' id='word_1_348' title='bbox 871 2538 944 2568; x_wconf 87' lang='lat' dir='ltr'>sup-</span> 
     </span>
     <span class='ocr_line' id='line_1_39' title="bbox 166 2571 943 2612; baseline -0.003 -9"><span class='ocrx_word' id='word_1_349' title='bbox 166 2584 257 2612; x_wconf 69' lang='lat' dir='ltr'>poses</span> <span class='ocrx_word' id='word_1_350' title='bbox 269 2573 345 2603; x_wconf 82' lang='lat' dir='ltr'>that</span> <span class='ocrx_word' id='word_1_351' title='bbox 358 2572 404 2602; x_wconf 89' lang='lat' dir='ltr'>M.</span> <span class='ocrx_word' id='word_1_352' title='bbox 419 2572 500 2602; x_wconf 70' lang='lat' dir='ltr'>Cato</span> <span class='ocrx_word' id='word_1_353' title='bbox 516 2572 542 2601; x_wconf 82' lang='lat' dir='ltr'>is</span> <span class='ocrx_word' id='word_1_354' title='bbox 559 2571 641 2602; x_wconf 86' lang='lat' dir='ltr'>Cato</span> <span class='ocrx_word' id='word_1_355' title='bbox 657 2571 694 2601; x_wconf 81' lang='lat' dir='ltr'>of</span> <span class='ocrx_word' id='word_1_356' title='bbox 704 2571 822 2607; x_wconf 82' lang='lat' dir='ltr'>Utica3</span> <span class='ocrx_word' id='word_1_357' title='bbox 839 2571 900 2600; x_wconf 84' lang='lat' dir='ltr'>but</span> <span class='ocrx_word' id='word_1_358' title='bbox 916 2571 943 2601; x_wconf 92' lang='lat' dir='ltr'>it</span> 
     </span>
     <span class='ocr_line' id='line_1_40' title="bbox 166 2613 941 2655; baseline -0.003 -10"><span class='ocrx_word' id='word_1_359' title='bbox 166 2616 203 2651; x_wconf 55' lang='lat' dir='ltr'>iz,</span> <span class='ocrx_word' id='word_1_360' title='bbox 228 2626 262 2646; x_wconf 75' lang='lat' dir='ltr'>as</span> <span class='ocrx_word' id='word_1_361' title='bbox 286 2615 456 2646; x_wconf 74' lang='lat' dir='ltr'>Manutius</span> <span class='ocrx_word' id='word_1_362' title='bbox 488 2625 569 2655; x_wconf 71' lang='lat' dir='ltr'>says,</span> <span class='ocrx_word' id='word_1_363' title='bbox 605 2614 687 2645; x_wconf 81' lang='lat' dir='ltr'>Cato</span> <span class='ocrx_word' id='word_1_364' title='bbox 718 2614 775 2644; x_wconf 86' lang='lat' dir='ltr'>the</span> <span class='ocrx_word' id='word_1_365' title='bbox 811 2613 941 2644; x_wconf 81' lang='lat' dir='ltr'>Censor.</span> 
     </span>
     <span class='ocr_line' id='line_1_41' title="bbox 167 2657 946 2697; baseline -0.005 -8"><span class='ocrx_word' id='word_1_366' title='bbox 167 2659 235 2689; x_wconf 75' lang='lat' dir='ltr'>The</span> <span class='ocrx_word' id='word_1_367' title='bbox 259 2659 348 2689; x_wconf 87' lang='lat' dir='ltr'>word</span> <span class='ocrx_word' id='word_1_368' title='bbox 373 2658 583 2688; x_wconf 78' lang='lat' dir='ltr'>‘materiem&#39;</span> <span class='ocrx_word' id='word_1_369' title='bbox 607 2668 672 2687; x_wconf 80' lang='lat' dir='ltr'>was</span> <span class='ocrx_word' id='word_1_370' title='bbox 702 2657 872 2696; x_wconf 68' lang='lat' dir='ltr'>suspected</span> <span class='ocrx_word' id='word_1_371' title='bbox 904 2657 946 2697; x_wconf 86' lang='lat' dir='ltr'>by</span> 
     </span>
     <span class='ocr_line' id='line_1_42' title="bbox 168 2700 945 2741; baseline -0.003 -10"><span class='ocrx_word' id='word_1_372' title='bbox 168 2702 356 2737; x_wconf 76' lang='lat' dir='ltr'>Lambinus,</span> <span class='ocrx_word' id='word_1_373' title='bbox 381 2702 454 2731; x_wconf 78' lang='lat' dir='ltr'>who</span> <span class='ocrx_word' id='word_1_374' title='bbox 484 2711 567 2741; x_wconf 45' lang='lat' dir='ltr'>say&amp;</span> <span class='ocrx_word' id='word_1_375' title='bbox 603 2700 712 2740; x_wconf 83' lang='lat' dir='ltr'>“quid</span> <span class='ocrx_word' id='word_1_376' title='bbox 744 2700 769 2729; x_wconf 75' lang='lat' dir='ltr'>si</span> <span class='ocrx_word' id='word_1_377' title='bbox 800 2700 945 2739; x_wconf 80' lang='lat' dir='ltr'>legamus</span> 
     </span>
     <span class='ocr_line' id='line_1_43' title="bbox 167 2743 943 2784; baseline -0.003 -11"><span class='ocrx_word' id='word_1_378' title='bbox 167 2747 323 2774; x_wconf 66' lang='lat' dir='ltr'>naturam</span> <span class='ocrx_word' id='word_1_379' title='bbox 340 2747 437 2784; x_wconf 71' lang='lat' dir='ltr'>alque</span> <span class='ocrx_word' id='word_1_380' title='bbox 454 2745 592 2774; x_wconf 73' lang='lat' dir='ltr'>indolem</span> <span class='ocrx_word' id='word_1_381' title='bbox 606 2744 643 2773; x_wconf 62' lang='lat'>22³³</span> <span class='ocrx_word' id='word_1_382' title='bbox 660 2744 721 2773; x_wconf 83' lang='lat' dir='ltr'>bnt</span> <span class='ocrx_word' id='word_1_383' title='bbox 735 2747 742 2759; x_wconf 87' lang='lat'>‘</span> <span class='ocrx_word' id='word_1_384' title='bbox 756 2743 943 2773; x_wconf 71' lang='lat' dir='ltr'>materimn&#39;</span> 
     </span>
     <span class='ocr_line' id='line_1_44' title="bbox 167 2786 942 2827; baseline -0.003 -10"><span class='ocrx_word' id='word_1_385' title='bbox 167 2798 301 2827; x_wconf 68' lang='lat' dir='ltr'>appears</span> <span class='ocrx_word' id='word_1_386' title='bbox 319 2790 353 2818; x_wconf 82' lang='lat' dir='ltr'>to</span> <span class='ocrx_word' id='word_1_387' title='bbox 369 2788 407 2818; x_wconf 85' lang='lat' dir='ltr'>bc</span> <span class='ocrx_word' id='word_1_388' title='bbox 423 2788 480 2818; x_wconf 77' lang='lat' dir='ltr'>the</span> <span class='ocrx_word' id='word_1_389' title='bbox 497 2787 632 2827; x_wconf 77' lang='lat' dir='ltr'>reading</span> <span class='ocrx_word' id='word_1_390' title='bbox 648 2787 684 2816; x_wconf 89' lang='lat' dir='ltr'>of</span> <span class='ocrx_word' id='word_1_391' title='bbox 706 2786 748 2816; x_wconf 78' lang='lat' dir='ltr'>all</span> <span class='ocrx_word' id='word_1_392' title='bbox 774 2786 830 2816; x_wconf 92' lang='lat' dir='ltr'>the</span> <span class='ocrx_word' id='word_1_393' title='bbox 848 2786 942 2816; x_wconf 63' lang='lat' dir='ltr'>MSS.</span> 
     </span>
     <span class='ocr_line' id='line_1_45' title="bbox 168 2829 943 2870; baseline 0 -11"><span class='ocrx_word' id='word_1_394' title='bbox 168 2835 175 2846; x_wconf 89' lang='lat'>‘</span> <span class='ocrx_word' id='word_1_395' title='bbox 191 2830 346 2861; x_wconf 72' lang='lat' dir='ltr'>Materies</span> <span class='ocrx_word' id='word_1_396' title='bbox 358 2831 366 2843; x_wconf 83' lang='lat'><em>&#39;</em></span> <span class='ocrx_word' id='word_1_397' title='bbox 406 2831 432 2860; x_wconf 89' lang='lat' dir='ltr'>is</span> <span class='ocrx_word' id='word_1_398' title='bbox 459 2834 479 2847; x_wconf 70' lang='lat'>&#39;‘</span> <span class='ocrx_word' id='word_1_399' title='bbox 495 2831 578 2861; x_wconf 69' lang='lat' dir='ltr'>staff</span> <span class='ocrx_word' id='word_1_400' title='bbox 590 2830 598 2843; x_wconf 91' lang='lat'>’</span> <span class='ocrx_word' id='word_1_401' title='bbox 636 2829 813 2870; x_wconf 76' lang='lat' dir='ltr'>generally,</span> <span class='ocrx_word' id='word_1_402' title='bbox 852 2830 943 2859; x_wconf 80' lang='lat' dir='ltr'>osten</span> 
     </span>
    </p>
   </div>
   <div class='ocr_carea' id='block_1_4' title="bbox 167 2872 943 2916">
    <p class='ocr_par' dir='ltr' id='par_1_6' title="bbox 167 2872 943 2916">
     <span class='ocr_line' id='line_1_46' title="bbox 167 2872 943 2916; baseline 0.01 -14"><span class='ocrx_word' id='word_1_403' title='bbox 167 2873 328 2904; x_wconf 86' lang='lat' dir='ltr'>‘timbe1·.&#39;</span> <span class='ocrx_word' id='word_1_404' title='bbox 373 2873 417 2904; x_wconf 83' lang='lat' dir='ltr'>As</span> <span class='ocrx_word' id='word_1_405' title='bbox 433 2873 546 2905; x_wconf 82' lang='lat' dir='ltr'>Cicero</span> <span class='ocrx_word' id='word_1_406' title='bbox 562 2884 644 2916; x_wconf 81' lang='lat' dir='ltr'>says,</span> <span class='ocrx_word' id='word_1_407' title='bbox 663 2873 726 2904; x_wconf 87' lang='lat' dir='ltr'>Pro</span> <span class='ocrx_word' id='word_1_408' title='bbox 750 2872 868 2909; x_wconf 71' lang='lat' dir='ltr'>Caelio,</span> <span class='ocrx_word' id='word_1_409' title='bbox 886 2872 943 2903; x_wconf 70' lang='lat' dir='ltr'>“Si</span> 
     </span>
    </p>
   </div>
   <div class='ocr_carea' id='block_1_5' title="bbox 987 2227 1776 2909">
    <p class='ocr_par' dir='ltr' id='par_1_7' title="bbox 987 2227 1776 2909">
     <span class='ocr_line' id='line_1_47' title="bbox 993 2227 1772 2269; baseline 0.006 -12"><span class='ocrx_word' id='word_1_410' title='bbox 993 2227 1064 2267; x_wconf 88' lang='lat' dir='ltr'>quis</span> <span class='ocrx_word' id='word_1_411' title='bbox 1088 2228 1150 2258; x_wconf 86' lang='lat' dir='ltr'>hoc</span> <span class='ocrx_word' id='word_1_412' title='bbox 1174 2228 1289 2259; x_wconf 88' lang='lat' dir='ltr'>robore</span> <span class='ocrx_word' id='word_1_413' title='bbox 1319 2228 1419 2259; x_wconf 87' lang='lat' dir='ltr'>animi</span> <span class='ocrx_word' id='word_1_414' title='bbox 1444 2230 1543 2269; x_wconf 82' lang='lat' dir='ltr'>atque</span> <span class='ocrx_word' id='word_1_415' title='bbox 1572 2230 1634 2261; x_wconf 85' lang='lat' dir='ltr'>hac</span> <span class='ocrx_word' id='word_1_416' title='bbox 1664 2231 1772 2263; x_wconf 87' lang='lat' dir='ltr'>indole</span> 
     </span>
     <span class='ocr_line' id='line_1_48' title="bbox 992 2271 1773 2316; baseline 0.008 -16"><span class='ocrx_word' id='word_1_417' title='bbox 992 2271 1128 2301; x_wconf 87' lang='lat' dir='ltr'>virtutis</span> <span class='ocrx_word' id='word_1_418' title='bbox 1145 2271 1200 2301; x_wconf 57' lang='lat' dir='ltr'>&amp;a</span> <span class='ocrx_word' id='word_1_419' title='bbox 1216 2271 1281 2301; x_wconf 83' lang='lat' dir='ltr'>fuit</span> <span class='ocrx_word' id='word_1_420' title='bbox 1293 2271 1326 2308; x_wconf 70' lang='lat'>,³³</span> <span class='ocrx_word' id='word_1_421' title='bbox 1349 2282 1382 2302; x_wconf 86' lang='lat' dir='ltr'>so</span> <span class='ocrx_word' id='word_1_422' title='bbox 1398 2272 1439 2302; x_wconf 90' lang='lat' dir='ltr'>he</span> <span class='ocrx_word' id='word_1_423' title='bbox 1459 2273 1568 2312; x_wconf 84' lang='lat' dir='ltr'>might</span> <span class='ocrx_word' id='word_1_424' title='bbox 1585 2273 1655 2314; x_wconf 84' lang='lat' dir='ltr'>jein</span> <span class='ocrx_word' id='word_1_425' title='bbox 1679 2276 1773 2316; x_wconf 87' lang='lat' dir='ltr'>toge-</span> 
     </span>
     <span class='ocr_line' id='line_1_49' title="bbox 992 2314 1688 2351; baseline 0.007 -8"><span class='ocrx_word' id='word_1_426' title='bbox 992 2314 1068 2344; x_wconf 85' lang='lat' dir='ltr'>ther</span> <span class='ocrx_word' id='word_1_427' title='bbox 1085 2318 1093 2330; x_wconf 87' lang='lat'>‘</span> <span class='ocrx_word' id='word_1_428' title='bbox 1104 2314 1256 2343; x_wconf 77' lang='lat' dir='ltr'>materies</span> <span class='ocrx_word' id='word_1_429' title='bbox 1273 2316 1306 2344; x_wconf 86' lang='lat' dir='ltr'>et</span> <span class='ocrx_word' id='word_1_430' title='bbox 1322 2314 1467 2351; x_wconf 55' lang='lat' dir='ltr'>indoles:</span> <span class='ocrx_word' id='word_1_431' title='bbox 1484 2326 1517 2345; x_wconf 88' lang='lat' dir='ltr'>as</span> <span class='ocrx_word' id='word_1_432' title='bbox 1534 2316 1561 2346; x_wconf 86' lang='lat' dir='ltr'>it</span> <span class='ocrx_word' id='word_1_433' title='bbox 1577 2327 1688 2348; x_wconf 85' lang='lat' dir='ltr'>seems.</span> 
     </span>
     <span class='ocr_line' id='line_1_50' title="bbox 1031 2356 1772 2400; baseline 0.011 -15"><span class='ocrx_word' id='word_1_434' title='bbox 1031 2357 1147 2396; x_wconf 77' lang='lat' dir='ltr'>patris</span> <span class='ocrx_word' id='word_1_435' title='bbox 1177 2356 1312 2397; x_wconf 66' lang='lat' dir='ltr'>similis]</span> <span class='ocrx_word' id='word_1_436' title='bbox 1375 2357 1443 2388; x_wconf 90' lang='lat' dir='ltr'>The</span> <span class='ocrx_word' id='word_1_437' title='bbox 1473 2359 1609 2400; x_wconf 82' lang='lat' dir='ltr'>reading</span> <span class='ocrx_word' id='word_1_438' title='bbox 1643 2361 1680 2391; x_wconf 86' lang='lat' dir='ltr'>of</span> <span class='ocrx_word' id='word_1_439' title='bbox 1712 2362 1772 2393; x_wconf 80' lang='lat' dir='ltr'>the</span> 
     </span>
     <span class='ocr_line' id='line_1_51' title="bbox 991 2398 1771 2444; baseline 0.01 -16"><span class='ocrx_word' id='word_1_440' title='bbox 991 2398 1102 2429; x_wconf 78' lang='lat' dir='ltr'>better</span> <span class='ocrx_word' id='word_1_441' title='bbox 1138 2399 1233 2430; x_wconf 68' lang='lat' dir='ltr'>MSS.</span> <span class='ocrx_word' id='word_1_442' title='bbox 1290 2400 1358 2430; x_wconf 86' lang='lat' dir='ltr'>The</span> <span class='ocrx_word' id='word_1_443' title='bbox 1395 2401 1505 2431; x_wconf 84' lang='lat' dir='ltr'>others</span> <span class='ocrx_word' id='word_1_444' title='bbox 1543 2403 1625 2434; x_wconf 87' lang='lat' dir='ltr'>have</span> <span class='ocrx_word' id='word_1_445' title='bbox 1664 2406 1771 2444; x_wconf 85' lang='lat' dir='ltr'>‘patri</span> 
     </span>
     <span class='ocr_line' id='line_1_52' title="bbox 992 2442 1772 2488; baseline 0.01 -17"><span class='ocrx_word' id='word_1_446' title='bbox 992 2442 1126 2472; x_wconf 63' lang='lat' dir='ltr'>similis?</span> <span class='ocrx_word' id='word_1_447' title='bbox 1181 2442 1249 2473; x_wconf 86' lang='lat' dir='ltr'>The</span> <span class='ocrx_word' id='word_1_448' title='bbox 1276 2444 1420 2483; x_wconf 86' lang='lat' dir='ltr'>genitive</span> <span class='ocrx_word' id='word_1_449' title='bbox 1447 2455 1547 2475; x_wconf 82' lang='lat' dir='ltr'>seems</span> <span class='ocrx_word' id='word_1_450' title='bbox 1578 2448 1613 2477; x_wconf 91' lang='lat' dir='ltr'>to</span> <span class='ocrx_word' id='word_1_451' title='bbox 1643 2458 1772 2488; x_wconf 82' lang='lat' dir='ltr'>express</span> 
     </span>
     <span class='ocr_line' id='line_1_53' title="bbox 990 2485 1776 2531; baseline 0.01 -17"><span class='ocrx_word' id='word_1_452' title='bbox 990 2495 1080 2515; x_wconf 86' lang='lat' dir='ltr'>more</span> <span class='ocrx_word' id='word_1_453' title='bbox 1096 2485 1133 2515; x_wconf 86' lang='lat' dir='ltr'>of</span> <span class='ocrx_word' id='word_1_454' title='bbox 1144 2485 1201 2516; x_wconf 89' lang='lat' dir='ltr'>the</span> <span class='ocrx_word' id='word_1_455' title='bbox 1218 2487 1376 2526; x_wconf 80' lang='lat' dir='ltr'>complete</span> <span class='ocrx_word' id='word_1_456' title='bbox 1397 2487 1626 2525; x_wconf 85' lang='lat' dir='ltr'>likeness,——‘a</span> <span class='ocrx_word' id='word_1_457' title='bbox 1642 2501 1722 2531; x_wconf 79' lang='lat' dir='ltr'>copv</span> <span class='ocrx_word' id='word_1_458' title='bbox 1738 2492 1776 2522; x_wconf 89' lang='lat' dir='ltr'>of</span> 
     </span>
     <span class='ocr_line' id='line_1_54' title="bbox 989 2525 1770 2573; baseline 0.01 -16"><span class='ocrx_word' id='word_1_459' title='bbox 989 2527 1039 2557; x_wconf 86' lang='lat' dir='ltr'>his</span> <span class='ocrx_word' id='word_1_460' title='bbox 1064 2528 1196 2565; x_wconf 85' lang='lat' dir='ltr'>father,&#39;</span> <span class='ocrx_word' id='word_1_461' title='bbox 1224 2539 1258 2559; x_wconf 80' lang='lat' dir='ltr'>as</span> <span class='ocrx_word' id='word_1_462' title='bbox 1286 2540 1333 2560; x_wconf 89' lang='lat' dir='ltr'>we</span> <span class='ocrx_word' id='word_1_463' title='bbox 1357 2530 1466 2571; x_wconf 83' lang='lat' dir='ltr'>might</span> <span class='ocrx_word' id='word_1_464' title='bbox 1493 2542 1568 2573; x_wconf 74' lang='lat' dir='ltr'>say:</span> <span class='ocrx_word' id='word_1_465' title='bbox 1592 2533 1650 2564; x_wconf 89' lang='lat' dir='ltr'>the</span> <span class='ocrx_word' id='word_1_466' title='bbox 1675 2525 1770 2565; x_wconf 78' lang='lat' dir='ltr'>other</span> 
     </span>
     <span class='ocr_line' id='line_1_55' title="bbox 988 2570 1772 2616; baseline 0.011 -17"><span class='ocrx_word' id='word_1_467' title='bbox 988 2570 1083 2607; x_wconf 79' lang='lat' dir='ltr'>form,</span> <span class='ocrx_word' id='word_1_468' title='bbox 1101 2574 1110 2588; x_wconf 90' lang='lat'>‘</span> <span class='ocrx_word' id='word_1_469' title='bbox 1121 2571 1210 2611; x_wconf 84' lang='lat' dir='ltr'>patri</span> <span class='ocrx_word' id='word_1_470' title='bbox 1225 2572 1359 2609; x_wconf 55' lang='lat' dir='ltr'>similisss</span> <span class='ocrx_word' id='word_1_471' title='bbox 1375 2575 1561 2616; x_wconf 82' lang='lat' dir='ltr'>expressing</span> <span class='ocrx_word' id='word_1_472' title='bbox 1576 2577 1698 2615; x_wconf 68' lang='lat' dir='ltr'>merely</span> <span class='ocrx_word' id='word_1_473' title='bbox 1714 2578 1772 2609; x_wconf 89' lang='lat' dir='ltr'>the</span> 
     </span>
     <span class='ocr_line' id='line_1_56' title="bbox 987 2611 1770 2653; baseline 0.01 -10"><span class='ocrx_word' id='word_1_474' title='bbox 987 2615 1120 2653; x_wconf 81' lang='lat' dir='ltr'>general</span> <span class='ocrx_word' id='word_1_475' title='bbox 1149 2616 1297 2645; x_wconf 76' lang='lat' dir='ltr'>external</span> <span class='ocrx_word' id='word_1_476' title='bbox 1328 2617 1558 2649; x_wconf 81' lang='lat' dir='ltr'>resemblance.</span> <span class='ocrx_word' id='word_1_477' title='bbox 1605 2611 1770 2651; x_wconf 74' lang='lat' dir='ltr'>See&#39;Lib.</span> 
     </span>
     <span class='ocr_line' id='line_1_57' title="bbox 992 2658 1769 2701; baseline 0.01 -15"><span class='ocrx_word' id='word_1_478' title='bbox 992 2658 1021 2687; x_wconf 85' lang='lat'>5.</span> <span class='ocrx_word' id='word_1_479' title='bbox 1054 2667 1080 2687; x_wconf 86' lang='lat' dir='ltr'>c.</span> <span class='ocrx_word' id='word_1_480' title='bbox 1106 2659 1157 2687; x_wconf 80' lang='lat'>12.</span> <span class='ocrx_word' id='word_1_481' title='bbox 1207 2659 1245 2688; x_wconf 91' lang='lat' dir='ltr'>In</span> <span class='ocrx_word' id='word_1_482' title='bbox 1269 2659 1326 2689; x_wconf 88' lang='lat' dir='ltr'>the</span> <span class='ocrx_word' id='word_1_483' title='bbox 1356 2662 1435 2690; x_wconf 88' lang='lat' dir='ltr'>next</span> <span class='ocrx_word' id='word_1_484' title='bbox 1460 2661 1596 2701; x_wconf 80' lang='lat' dir='ltr'>chapter</span> <span class='ocrx_word' id='word_1_485' title='bbox 1627 2663 1653 2693; x_wconf 84' lang='lat' dir='ltr'>is</span> <span class='ocrx_word' id='word_1_486' title='bbox 1685 2664 1769 2694; x_wconf 87' lang='lat' dir='ltr'>‘mei</span> 
     </span>
     <span class='ocr_line' id='line_1_58' title="bbox 991 2700 1769 2739; baseline 0.012 -11"><span class='ocrx_word' id='word_1_487' title='bbox 991 2700 1125 2736; x_wconf 49' lang='lat' dir='ltr'>similis?</span> <span class='ocrx_word' id='word_1_488' title='bbox 1142 2701 1207 2731; x_wconf 92' lang='lat' dir='ltr'>and</span> <span class='ocrx_word' id='word_1_489' title='bbox 1224 2705 1232 2718; x_wconf 90' lang='lat'>‘</span> <span class='ocrx_word' id='word_1_490' title='bbox 1244 2701 1356 2732; x_wconf 88' lang='lat' dir='ltr'>Verris</span> <span class='ocrx_word' id='word_1_491' title='bbox 1372 2703 1484 2733; x_wconf 77' lang='lat' dir='ltr'>similis</span> <span class='ocrx_word' id='word_1_492' title='bbox 1496 2704 1515 2739; x_wconf 65' lang='grc' dir='ltr'>ς’</span> <span class='ocrx_word' id='word_1_493' title='bbox 1540 2705 1647 2736; x_wconf 84' lang='lat' dir='ltr'>where</span> <span class='ocrx_word' id='word_1_494' title='bbox 1669 2706 1769 2737; x_wconf 85' lang='lat' dir='ltr'>Orelli</span> 
     </span>
     <span class='ocr_line' id='line_1_59' title="bbox 990 2742 1769 2786; baseline 0.009 -14"><span class='ocrx_word' id='word_1_495' title='bbox 990 2742 1046 2772; x_wconf 76' lang='lat' dir='ltr'>has</span> <span class='ocrx_word' id='word_1_496' title='bbox 1063 2744 1119 2773; x_wconf 87' lang='lat' dir='ltr'>the</span> <span class='ocrx_word' id='word_1_497' title='bbox 1144 2754 1291 2774; x_wconf 80' lang='lat' dir='ltr'>common</span> <span class='ocrx_word' id='word_1_498' title='bbox 1316 2746 1462 2785; x_wconf 81' lang='lat' dir='ltr'>reading,</span> <span class='ocrx_word' id='word_1_499' title='bbox 1489 2751 1497 2763; x_wconf 85' lang='lat'>‘</span> <span class='ocrx_word' id='word_1_500' title='bbox 1512 2747 1606 2777; x_wconf 86' lang='lat' dir='ltr'>Verri</span> <span class='ocrx_word' id='word_1_501' title='bbox 1634 2749 1769 2786; x_wconf 49' lang='lat' dir='ltr'>similis?</span> 
     </span>
     <span class='ocr_line' id='line_1_60' title="bbox 989 2786 1585 2829; baseline 0.008 -14"><span class='ocrx_word' id='word_1_502' title='bbox 989 2786 1053 2815; x_wconf 87' lang='lat' dir='ltr'>and</span> <span class='ocrx_word' id='word_1_503' title='bbox 1070 2786 1097 2816; x_wconf 86' lang='lat' dir='ltr'>it</span> <span class='ocrx_word' id='word_1_504' title='bbox 1113 2797 1187 2827; x_wconf 71' lang='lat' dir='ltr'>may</span> <span class='ocrx_word' id='word_1_505' title='bbox 1203 2787 1242 2817; x_wconf 87' lang='lat' dir='ltr'>be</span> <span class='ocrx_word' id='word_1_506' title='bbox 1258 2788 1315 2818; x_wconf 86' lang='lat' dir='ltr'>the.</span> <span class='ocrx_word' id='word_1_507' title='bbox 1332 2789 1423 2829; x_wconf 84' lang='lat' dir='ltr'>right</span> <span class='ocrx_word' id='word_1_508' title='bbox 1440 2790 1585 2829; x_wconf 80' lang='lat' dir='ltr'>reading.</span> 
     </span>
     <span class='ocr_line' id='line_1_61' title="bbox 988 2830 1767 2903; baseline 0.01 -45"><span class='ocrx_word' id='word_1_509' title='bbox 988 2830 1084 2903; x_wconf 59' lang='lat'>4265}</span> <span class='ocrx_word' id='word_1_510' title='bbox 1109 2832 1207 2869; x_wconf 66' lang='lat' dir='ltr'>atque</span> <span class='ocrx_word' id='word_1_511' title='bbox 1222 2831 1386 2873; x_wconf 68' lang='lat' dir='ltr'>civitatis]</span> <span class='ocrx_word' id='word_1_512' title='bbox 1435 2833 1496 2863; x_wconf 81' lang='lat' dir='ltr'>‘ad</span> <span class='ocrx_word' id='word_1_513' title='bbox 1512 2833 1678 2865; x_wconf 83' lang='lat' dir='ltr'>civitatis&#39;</span> <span class='ocrx_word' id='word_1_514' title='bbox 1705 2835 1767 2877; x_wconf 81' lang='lat' dir='ltr'>Lg.</span> 
     </span>
     <span class='ocr_line' id='line_1_62' title="bbox 1031 2873 1189 2909; baseline 0.013 -7"><span class='ocrx_word' id='word_1_515' title='bbox 1031 2895 1040 2909; x_wconf 92' lang='lat'>,</span> <span class='ocrx_word' id='word_1_516' title='bbox 1077 2873 1189 2904; x_wconf 84' lang='lat' dir='ltr'>ordan.</span> 
     </span>
    </p>
   </div>
  </div>
 </body>
</html>
