1849 3167
117 146 197 188 130
697 146 765 189 IN
796 145 841 188 O.
873 145 1126 189 VERREM

118 258 291 314 Semper
311 259 425 301 enim
444 260 696 302 existimasti
716 265 758 302 et
777 260 961 302 maxime
982 261 1027 301 in
1048 259 1193 301 Sicilia
1213 259 1313 301 satis
1344 264 1515 302 cautum
1543 259 1623 302 tibi
1653 259 1707 301 ad.

116 325 401 367 defensionem
421 325 509 367 fore
530 326 565 368 si
586 331 658 367 aut
679 326 827 367 referri
849 326 1010 380 aliquid
1030 325 1076 365 in
1096 325 1241 366 literas
1270 325 1458 380 publicas
1487 325 1704 386 vetuisses,

116 396 189 432 aut
228 392 340 447 quod
379 392 559 432 relatum
600 397 706 433 esset
746 392 839 432 tolli
879 391 1095 447 coegisses.
1175 390 1269 432 Hoc
1321 406 1448 446 quam
1486 391 1597 431 nihil
1637 391 1704 440 sit,

115 457 285 499 tametsi
305 472 358 498 ex
377 457 522 498 multis
536 457 703 498 Siciliae
717 457 960 498 civitatibus
981 456 1121 511 priore
1143 456 1306 497 actione
1333 456 1530 506 didicisti,
1564 462 1708 497 tamen

115 522 244 564 etiam
272 522 318 564 in
345 523 424 564 hac
455 523 545 578 ipsa
575 523 746 564 civitate
768 537 982 577 cognosce.
1044 521 1152 563 Sunt
1172 522 1237 562 illi
1257 512 1441 577 quidem*
1454 523 1567 564 dicto
1588 522 1706 563 audi-

115 592 232 629 entes
253 588 455 643 quamdiu
477 589 631 630 adsunt
662 588 693 628 ii
722 588 795 643 qui
824 588 1061 642 imperant:
1094 587 1270 629 simulac
1300 587 1590 646 discesserunt,
1622 603 1709 629 11011

113 653 249 695 solum
268 653 376 694 illud
394 653 659 708 perscribunt
681 653 793 708 quod
813 657 906 693 tum
926 653 1131 709 prohibiti
1153 658 1266 702 sunt,
1289 653 1362 694 sed.
1381 653 1510 694 etiam
1539 668 1709 695 causam

113 719 357 760 adscribunt
378 734 452 759 cur
471 734 556 760 non
576 723 669 759 tum
688 719 734 759 in
757 718 902 760 literas
923 718 1104 760 relatum
1124 718 1191 760 sit.
1243 718 1421 760 Manent
1440 719 1546 760 istae
1560 713 1708 759 literae

113 783 266 833 Mileti,
289 789 474 834 manent,
506 788 548 824 et
578 784 680 824 (111111
709 784 790 825 erit
819 783 895 824 illa
925 784 1073 826 civitas
1102 785 1346 825 manebunt.
1406 784 1564 825 Decem
1593 784 1709 825 enim

112 865 240 893 naves
265 850 384 905 jussu
415 849 464 890 L.
502 849 707 891 Murenae
746 849 926 905 populus
967 850 1160 891 Milesius
1197 865 1250 891 ex
1287 851 1467 906 pecunia
1506 849 1709 905 vectigali

111 915 265 970 populo
286 914 477 956 Romano
498 914 665 964 fecerat,
689 914 796 956 sicut
816 930 893 969 pro
914 930 988 956 sua
1015 930 1204 971 quaeque
1227 920 1355 970 ‘parte
1387 915 1514 957 Asiae
1546 920 1708 956 ceterae

110 980 329 1030 civitates3
361 981 635 1037 quampbrem
664 996 794 1021 unam
824 996 877 1021 ex
908 981 1065 1031 decem,
1088 996 1174 1022 non
1204 982 1464 1039 praedpnum
1485 981 1708 1036 repentino

111 1046 297 1087 adventu
327 1046 399 1087 sed
427 1045 561 1101 legati
589 1046 825 1095 latrocinio,
847 1061 933 1088 non
954 1046 998 1087 vi
1018 1047 1284 1101 tempestatis
1306 1047 1379 1088 sed
1399 1047 1478 1087 hac
1512 1046 1710 1087 horribili

112 1115 361 1165 tempestate
382 1111 591 1152 sociorum
611 1111 808 1152 amissam
828 1111 875 1152 in
894 1111 1039 1152 literas
1059 1112 1248 1166 publicas
1270 1112 1538 1153 rettulerunt.
1600 1111 1710 1152 Sunt

112 1175 272 1217 Romae
301 1176 434 1231 legati
463 1176 634 1225 Milesii,
665 1176 858 1218 homines
899 1177 1153 1218 nobilissimi
1183 1193 1230 1219 ac
1267 1178 1479 1233 principes
1510 1177 1723 1227 civitatis,

112 1241 186 1296 qui
206 1241 376 1282 tametsi
395 1257 584 1283 mensem
605 1241 885 1283 Februarium
908 1247 949 1283 et
970 1243 1190 1284 consulum
1212 1243 1529 1299 designatorum
1554 1258 1709 1284 nomen

113 1311 370 1361 exspectant,
393 1311 536 1348 tamen
556 1307 636 1349 hoc
656 1312 826 1351 tantum
846 1307 1009 1353 facinus
1029 1323 1115 1349 non
1134 1309 1258 1350 modo
1271 1324 1428 1363 negare
1440 1309 1706 1363 interrogati,

113 1372 186 1413 sed
204 1387 258 1413 ne
277 1372 472 1431 producti
493 1372 663 1427 quidem
695 1373 870 1414 reticere
901 1378 1126 1428 poterunt:
1159 1374 1313 1424 dicent,
1337 1374 1525 1429 inquam,
1548 1379 1589 1415 et
1609 1373 1706 1414 reli-

115 1437 240 1492 gione
261 1438 433 1480 adducti
454 1443 495 1479 et
516 1439 840 1480 domesticarum
870 1439 1016 1495 legum
1047 1444 1176 1490 metu,
1211 1440 1314 1495 quid
1347 1440 1421 1481 illo
1452 1455 1709 1495 myoparone

113 1503 273 1544 factum
295 1493 376 1554 sit3
409 1505 631 1545 ostendent
654 1504 698 1545 C.
723 1504 902 1546 Verrem
931 1505 976 1547 in
1009 1521 1056 1547 ea
1087 1505 1216 1547 classe
1247 1521 1354 1561 quae
1384 1510 1530 1547 contra
1549 1505 1709 1560 piratas

113 1568 332 1610 aedificata
354 1569 408 1610 sit
428 1569 610 1624 piratam
630 1570 770 1625 ipsum
790 1571 1117 1612 consceleratum
1138 1571 1278 1612 fuisse.

169 1634 382 1675 XXXVI.
416 1634 460 1676 O.
484 1635 683 1676 Malleolo
704 1641 922 1691 quaestore
954 1628 1030 1677 Cn.
1064 1636 1308 1678 Dolabellae
1339 1635 1473 1678 occiso
1494 1637 1597 1678 duas
1627 1635 1708 1677 sibi

112 1700 367 1741 hereditates
388 1700 551 1742 venisse
573 1701 801 1743 arbitratus
822 1707 909 1753 est;
940 1718 1071 1743 unam
1091 1702 1353 1757 quaestoriae
1385 1702 1705 1757 procurationis,

112 1780 213 1806 nam
244 1781 268 1806 a
303 1766 524 1807 Dolabella
558 1766 703 1808 statim
737 1783 813 1822 pro
846 1772 1065 1823 quaestore
1091 1768 1232 1824 jussus
1271 1772 1333 1809 est
1369 1783 1479 1818 esse3
1531 1768 1708 1809 alteram

112 1830 282 1882 tutelae,
322 1846 423 1873 nam
463 1847 595 1887 quum
633 1832 787 1888 pupilli
827 1833 1019 1875 Malleoli
1058 1838 1174 1876 tutor
1214 1838 1333 1884 esset,
1374 1833 1421 1875 in
1459 1833 1569 1875 bona
1618 1833 1708 1889 ejus

157 1979 209 2010 35.
237 1979 323 2010 dieto
351 1979 534 2021 audientes]
583 1980 755 2012 ‘obedient
778 1982 814 2012 to
840 1992 889 2012 or-

114 2022 208 2059 ders?
225 2033 285 2053 one
301 2023 337 2054 of
359 2023 503 2054 Caesar's
530 2024 726 2064 expressions
743 2024 795 2066 (B.
813 2025 852 2056 G.
868 2025 889 2056 1.

153 2064 279 2148 Ξοορτιίο
325 2109 491 2150 Romano]

116 2150 226 2181 Orelli.

157 2194 389 2235 Februarium]
434 2195 475 2225 In
490 2196 556 2226 this
570 2197 686 2226 month
701 2197 758 2227 the
771 2197 888 2227 Senate

115 2247 196 2277 gave
227 2237 380 2268 audience
405 2240 441 2268 to
470 2239 689 2269 ambassadors
718 2240 801 2270 from
831 2241 888 2270 the

115 2280 291 2320 provinceS,
311 2281 375 2310 and
389 2281 471 2311 from
491 2282 617 2322 foreign
633 2285 743 2313 states.
790 2283 887 2314 Klotz

115 2323 215 2353 refers
231 2325 266 2353 to
281 2323 337 2353 the
353 2324 510 2364 principa]
525 2335 656 2365 passage
672 2336 713 2355 on
729 2326 794 2356 this
805 2328 888 2356 mat-

115 2367 167 2396 ter
189 2366 223 2395 in
247 2366 384 2396 Cicero’s
407 2367 538 2397 Letters
562 2368 626 2408 (Ad
660 2368 748 2398 Fam.
782 2369 803 2399 i.
834 2370 889 2410 4):

117 2412 139 2426 “
151 2410 288 2439 Senatus
304 2409 415 2440 haberi
436 2412 511 2440 ante
536 2410 698 2441 Kalendas
721 2412 815 2442 Febr.
833 2423 891 2452 per

115 2452 220 2491 legem
244 2452 390 2492 Pupiam,
413 2453 447 2482 id
477 2453 562 2493 quod
584 2454 654 2490 seis,
678 2465 741 2485 11011
764 2458 890 2494 potest:

115 2505 218 2535 neque
240 2505 348 2525 mense
371 2495 464 2526 Febr.
487 2498 558 2526 toto
581 2497 641 2526 nisi
664 2498 814 2537 perfectis
830 2500 888 2529 aut

114 2538 243 2579 rejectis
264 2538 511 2578 legationibus.”
562 2539 614 2569 He
638 2540 702 2570 also
724 2541 823 2571 refers
852 2544 888 2572 to

114 2582 171 2612 the
189 2581 351 2621 Epistolae
366 2582 407 2612 ad
423 2581 582 2618 Quintum
600 2583 652 2612 Fr.
668 2583 700 2613 ii.
717 2585 756 2619 33
780 2584 844 2614 and
853 2587 888 2614 to

114 2625 278 2665 Polybius,
295 2625 336 2654 vi.
354 2626 404 2655 12.
451 2625 490 2655 In
506 2626 594 2664 place
615 2626 652 2656 of
672 2630 681 2642 ‘
693 2627 887 2666 expectant,'

115 2668 271 2698 Asconius
283 2668 443 2698 mentions
456 2679 474 2698 a
484 2669 619 2708 reading
635 2669 887 2706 ‘extinlescunt,’

115 2712 179 2741 and
190 2711 230 2741 he
243 2711 320 2741 adds
335 2711 410 2742 that
426 2711 482 2742 the
494 2714 559 2742 two
569 2712 671 2741 words
683 2712 759 2743 hore
769 2713 887 2753 signify

114 2754 172 2784 the
195 2765 281 2784 same
304 2754 410 2794 thing.
456 2755 523 2785 The
546 2754 710 2785 Milesians
743 2766 826 2786 were
856 2756 893 2786 of

114 2807 224 2827 course
248 2798 441 2837 acquainted
463 2798 544 2828 with
566 2798 623 2828 the
646 2809 754 2829 names
777 2799 814 2829 of
832 2799 888 2830 the

115 2841 278 2870 ‘consules
300 2841 483 2881 ‹lesig11at³,’
508 2841 702 2871 Hortensius
725 2842 789 2872 and
819 2842 887 2873 Me-

113 2883 209 2913 tellus
220 2895 228 2919 3
252 2884 316 2913 and
333 2884 540 2924 ‘expectant'
556 2884 630 2915 does
646 2887 704 2915 not
726 2885 887 2916 therefore

554 2114 563 2127 ‘
574 2111 685 2151 populi
732 2111 871 2142 Romani
880 2111 889 2125 ³

933 1982 1018 2013 refer
1033 1983 1068 2013 to
1083 1982 1140 2013 the
1155 1982 1344 2023 knowledge
1360 1983 1397 2013 of
1411 1983 1497 2014 their
1512 1993 1631 2020 names,
1647 1983 1709 2014 but

933 2028 969 2056 to
992 2026 1081 2056 what
1103 2026 1181 2067 they
1204 2027 1312 2066 might
1335 2029 1448 2067 expect
1470 2027 1553 2057 from
1584 2027 1709 2057 consuls

934 2069 1006 2099 who
1028 2069 1104 2100 bore
1127 2070 1184 2100 the
1214 2080 1323 2100 names
1354 2070 1391 2100 of
1420 2069 1614 2100 Hortensius
1644 2070 1709 2100 and

934 2112 1097 2142 Metellus.
1142 2113 1210 2143 The
1239 2123 1371 2153 passage
1400 2123 1520 2150 meanS,
1545 2117 1565 2130 “
1581 2113 1708 2153 though

932 2155 990 2185 the
1016 2155 1180 2186 Milesians
1204 2156 1285 2186 have
1311 2158 1347 2186 to
1372 2156 1449 2186 wait
1465 2157 1514 2186 for
1530 2156 1707 2197 February,

932 2198 1026 2228 when
1041 2199 1120 2239 they
1136 2199 1201 2228 will
1216 2201 1273 2239 get
1288 2199 1375 2229 their
1393 2199 1557 2235 audience,
1574 2200 1638 2229 and
1653 2210 1708 2230 are

931 2243 988 2281 yet
1014 2242 1184 2271 uncertain
1214 2242 1303 2272 what
1333 2244 1513 2272 treatment
1535 2245 1571 2273 to
1594 2245 1708 2283 expect

930 2284 1014 2314 from
1029 2284 1086 2314 the
1103 2288 1111 2300 ‘
1123 2285 1266 2315 consules
1281 2285 1462 2325 (lesignati,'
1478 2285 1584 2316 whose
1598 2296 1708 2316 names

932 2327 1011 2367 they
1026 2327 1154 2357 know.”

977 2369 1148 2410 religione]
1196 2370 1257 2411 ‘by
1273 2370 1360 2401 their
1372 2371 1449 2401 oath
1462 2371 1480 2401 ε’
1505 2375 1526 2388 “
1536 2372 1591 2412 qui
1601 2372 1708 2413 jurati

934 2415 1034 2444 testes
1048 2413 1183 2453 produci
1207 2413 1321 2451 solent,
1346 2425 1410 2444 non
1435 2415 1536 2445 solum
1561 2426 1601 2446 ne
1627 2416 1708 2447 falsa

935 2456 1057 2492 dicant,
1073 2467 1186 2486 verum
1202 2457 1301 2487 etiam
1317 2468 1357 2487 ne
1374 2468 1410 2488 ea
1426 2469 1507 2498 quae
1530 2469 1607 2489 vera
1629 2462 1707 2490 sunt

931 2499 1096 2530 taceant.'’
1121 2499 1263 2540 (Ascon.)
1295 2501 1455 2532 whether
1469 2502 1535 2532 this
1550 2502 1575 2532 is
1585 2503 1706 2543 merely

932 2542 1063 2572 derived
1078 2542 1161 2572 from
1178 2543 1234 2573 the
1258 2546 1330 2574 text
1345 2555 1381 2574 or
1398 2545 1544 2575 contains
1559 2556 1601 2576 an
1616 2545 1706 2576 indc-

931 2585 1074 2625 pendent
1099 2586 1176 2622 fact,
1202 2597 1248 2617 we
1276 2590 1394 2618 cannot
1421 2588 1488 2624 tell,
1512 2599 1572 2619 nor
1594 2589 1635 2619 do
1658 2599 1706 2620 we

931 2628 1027 2658 know
1042 2629 1099 2659 the
1114 2629 1197 2659 form
1222 2630 1259 2659 of
1278 2641 1296 2660 a
1313 2630 1439 2661 Roman
1459 2631 1596 2672 jndicial
1616 2632 1705 2662 oath.

932 2671 1000 2702 The
1023 2672 1196 2709 witnesses,
1220 2673 1260 2703 he
1283 2684 1404 2711 means,
1430 2685 1514 2705 were
1540 2675 1650 2705 bound
1670 2678 1706 2706 to

932 2715 990 2745 tell
1006 2715 1062 2745 the
1078 2715 1180 2746 whole
1196 2717 1302 2747 truth.

975 2758 1053 2797 quid
1076 2758 1152 2799 illo]
1202 2760 1301 2799 ‘qnid
1327 2761 1366 2791 de
1395 2760 1469 2791 illo'
1495 2761 1560 2791 dtt.
1586 2771 1705 2799 nonn.;

930 2800 992 2831 but
1009 2805 1018 2817 ‘
1030 2801 1069 2831 de
1085 2801 1138 2831 illo
1150 2802 1158 2814 '
1174 2802 1200 2832 is
1217 2802 1326 2834 Latin.

975 2844 1026 2874 36.
1044 2845 1320 2887 pupilli—tutor]
1368 2846 1429 2878 We
1458 2848 1547 2878 must
1570 2857 1705 2887 suppose

931 2887 1007 2917 that
1023 2887 1192 2919 Malleolus
1208 2889 1251 2929 by
1266 2890 1316 2920 his
1331 2892 1510 2922 testament
1531 2891 1705 2931 appointed
