1849 3167
154 123 237 164 306
740 124 808 167 IN
839 124 885 165 O.
918 122 1171 166 VERREM

153 237 355 291 quasdam
384 253 450 281 res
469 243 517 281 ut
538 239 591 281 ad
611 239 750 296 legem
771 239 972 281 adderent
998 253 1134 293 neque
1163 242 1305 280 tamen
1326 254 1350 280 a
1371 239 1519 281 ceteris
1540 236 1738 280 censoriis

151 302 317 358 legibus
337 305 591 346 recederent.
652 305 809 346 Contra
830 304 940 345 (lixit
960 303 996 344 is
1017 303 1090 358 qui
1111 319 1209 344 casu
1233 309 1324 345 tum
1344 305 1503 356 Romae
1524 305 1617 354 fuit,
1639 297 1738 345 tu'us

152 368 314 424 hospes,
351 370 516 421 Verres,
552 371 713 426 hospeS,
750 370 937 425 inquam,
975 374 1016 410 et
1046 369 1268 411 familiaris
1297 376 1406 421 tuus,
1439 371 1637 412 Sthenius
1667 369 1737 410 hic

152 435 462 479 Thermitanus.
543 437 742 479 Consules
782 451 950 477 causam
989 440 1289 490 cognoverunt,
1331 452 1462 492 quum
1499 437 1611 478 viros
1649 435 1737 490 pri-

152 502 306 544 marios
345 508 470 558 atque
510 503 786 558 amplissimos
827 501 1011 543 civitatis
1056 501 1211 542 multos
1257 501 1303 542 in
1343 503 1563 544 consilium
1610 502 1734 542 advo-

152 573 338 610 cassent:
370 570 421 610 de
442 569 605 611 consilii
631 567 839 610 sententia
858 566 1189 622 pronuntiarunt
1210 582 1253 608 se
1272 567 1367 623 lege
1386 567 1616 609 Hieronica
1635 582 1738 608 ven-

151 633 324 676 dituros.

208 698 339 741 VIII.
371 700 495 741 Itane
514 715 613 741 vero
633 697 950 755 prudentissimi
970 697 1065 748 viri,
1088 713 1251 740 summa
1271 699 1520 741 auctoritate
1539 699 1734 755 praediti,
1756 696 1759 699 Χ

151 764 303 818 quibus
330 770 496 806 senatus
525 765 671 820 legum
694 765 968 806 dicendarum
995 764 1041 804 in
1064 764 1252 805 locandis
1271 765 1548 820 vectigalibus
1569 780 1736 807 omnem

149 835 400 884 potestatem
430 831 677 886 permiserat
711 830 973 886 populusque
1008 830 1225 872 Romanus
1255 830 1450 885 jusserat,
1482 830 1621 871 Siculo
1651 846 1735 871 uno

150 901 380 946 recusante,
403 912 499 937 cum
529 896 856 952 amplificatione
878 895 1153 951 vectigalium
1182 911 1336 937 nomen
1357 895 1608 937 Hieronicae
1628 896 1736 951 legis

149 966 313 1003 mutare
342 962 594 1013 noluerunt3
625 967 685 1012 tu,
711 962 837 1003 homo
866 961 1034 1002 minimi
1065 961 1240 1011 consilii,
1272 961 1430 1003 nullius
1460 961 1733 1011 auctoritatis,

148 1025 311 1082 injussu
349 1027 495 1083 populi
534 1043 581 1069 ac
621 1032 801 1077 senatus,
837 1032 926 1068 tota
965 1026 1109 1068 Sicilia
1147 1032 1377 1077 recusante,
1415 1042 1511 1068 cum
1550 1027 1735 1068 maximo

148 1092 402 1134 detrimento
424 1098 549 1149 atque
571 1094 673 1135 adeo
694 1093 825 1134 exitio
845 1092 1120 1147 vectigalium
1140 1098 1274 1133 totam
1294 1092 1568 1133 Hieronicam
1596 1092 1736 1147 legem

149 1158 388 1199 sustulisti?
446 1158 507 1199 At
539 1174 666 1214 quam
697 1158 836 1214 legem
867 1158 1055 1213 corrigit,
1084 1158 1260 1214 judices,
1295 1163 1422 1214 atque
1461 1159 1563 1199 adeo
1602 1163 1735 1199 totam

147 1223 294 1265 tollit?
334 1224 573 1266 acutissime
606 1239 652 1265 ac
688 1223 1012 1279 diligentissime
1045 1224 1257 1279 scriptam,
1292 1239 1398 1279 quae
1437 1224 1508 1265 lex
1542 1223 1735 1265 omnibus

147 1289 346 1331 custodiis
367 1290 601 1346 subjectum
622 1294 829 1331 aratorem
850 1289 1080 1330 decumano
1101 1289 1290 1339 tradidit,
1313 1295 1361 1331 ut
1390 1305 1526 1345 neque
1550 1290 1595 1330 in
1617 1305 1732 1344 sege-

146 1354 259 1396 tibus
280 1370 415 1410 neque
436 1355 481 1397 in
502 1356 608 1397 areis
627 1370 763 1410 neque
783 1355 829 1395 in
848 1355 1008 1396 horreis
1036 1370 1172 1410 neque
1197 1355 1243 1395 in
1271 1356 1502 1396 amovendo
1526 1370 1661 1410 neque
1687 1355 1732 1396 in

147 1422 406 1476 exportando
437 1421 649 1463 frumento
680 1436 812 1476 grano
832 1435 915 1461 uno
945 1425 1083 1475 posset
1113 1425 1252 1461 arator
1282 1421 1371 1462 sine
1390 1421 1577 1462 maxima
1600 1436 1734 1476 poena

146 1486 341 1529 fraudare
362 1489 652 1529 decumanum.
714 1486 880 1542 Scripta
906 1486 976 1527 lex
1003 1486 1064 1527 ita
1087 1486 1315 1542 diligenter
1336 1492 1398 1528 est
1417 1492 1465 1528 ut
1486 1502 1582 1528 eum
1602 1487 1731 1542 scrip-

146 1552 246 1594 sisse
268 1559 466 1609 appareat
483 1554 556 1609 qui
577 1553 659 1595 alia
675 1552 900 1608 vectigalia
920 1567 1006 1593 non
1026 1552 1223 1602 haberet3
1246 1553 1306 1593 ita
1326 1557 1445 1593 acute
1458 1558 1506 1593 ut
1519 1552 1705 1594 Siculum
1723 1569 1732 1602 ;

145 1618 206 1659 ita
236 1634 377 1661 severe
401 1625 448 1660 ut
478 1625 734 1675 tyrannum;
766 1634 850 1673 qua
879 1618 972 1673 lege
1003 1618 1154 1659 Siculis
1183 1623 1326 1659 tamen
1357 1633 1474 1659 arare
1501 1618 1730 1672 expediret.

145 1684 259 1726 Nam
297 1686 357 1726 ita
397 1686 626 1740 diligenter
659 1685 888 1726 constituta
919 1688 1017 1725 sunt
1041 1684 1139 1739 jura
1170 1684 1400 1724 decumano
1430 1687 1478 1724 ut
1506 1687 1649 1724 tamen
1680 1684 1732 1724 ab

144 1750 279 1792 invito
300 1755 463 1793 aratore
482 1751 577 1806 plus
599 1751 773 1792 decuma
792 1765 878 1791 non
898 1754 1036 1805 posset
1058 1749 1226 1790 auferri.

203 1815 343 1862 Quum
373 1816 476 1858 haec
506 1816 566 1857 ita
597 1820 733 1857 essent
763 1816 1004 1865 constituta,
1036 1815 1190 1856 Verres
1220 1819 1284 1856 tot
1322 1813 1444 1855 annis
1474 1818 1599 1869 atque
1629 1815 1731 1856 adeo

143 1881 318 1923 saeculis
347 1886 410 1923 tot
446 1882 644 1923 inventus
681 1888 742 1922 est
779 1881 852 1936 qui
887 1881 990 1922 haec
1026 1896 1113 1922 non
1149 1884 1426 1922 commutaret
1463 1880 1535 1920 sed
1570 1885 1729 1921 everte·

143 1951 219 1996 ret,
257 1962 388 2002 eaque
420 1963 526 2003 quae
560 1947 726 2003 jamdiu
766 1947 819 1988 ad
859 1947 1039 1988 salutem
1078 1946 1284 1987 sociorum
1322 1945 1635 2001 utilitatemque
1669 1945 1732 1987 rei

142 2012 334 2067 publicae
374 2013 601 2068 composita
642 2017 964 2068 comparataque
1004 2017 1142 2053 essent
1181 2012 1235 2052 ad
1274 2027 1368 2052 suos
1402 2011 1730 2066 improbissimos

142 2083 339 2133 quaestus
359 2083 646 2130 converteret;
678 2079 752 2134 qui
780 2078 966 2134 primum
987 2083 1120 2120 certos
1149 2077 1382 2119 instituerit
1410 2077 1581 2118 nomine
1607 2078 1729 2119 decu-

957 2229 967 2243 ‘
979 2225 1131 2256 decumae
1144 2224 1153 2238 '
1177 2226 1212 2255 at
1228 2224 1340 2260 Rome,
1356 2223 1413 2254 the
1429 2234 1542 2254 reason
1557 2223 1607 2254 for
1622 2223 1729 2254 which

957 2269 1069 2300 Cicero
1084 2269 1158 2298 does
1173 2270 1231 2298 not
1247 2267 1384 2307 explain.

999 2314 1030 2343 8.
1068 2312 1166 2341 Itane
1195 2309 1287 2350 vero]
1350 2310 1480 2349 Zumpt,
1517 2309 1627 2346 Klotz,
1663 2311 1728 2341 and

956 2355 1086 2390 Iordan‚
1099 2365 1133 2384 as
1148 2353 1250 2389 usual,
1263 2355 1324 2393 put
1339 2363 1380 2383 an
1396 2353 1633 2393 interrogation
1644 2354 1728 2384 after

957 2402 966 2415 ‘
977 2397 1130 2428 vero.'—‘
1139 2397 1223 2427 idem
1243 2397 1385 2437 jusserat
1397 2396 1405 2408 ³
1427 2396 1546 2427 Iordan
1556 2409 1566 2433 3
1589 2397 1650 2427 but
1666 2397 1727 2437 Lg.

955 2442 997 2471 42
1013 2451 1043 2480 p.
1059 2451 1102 2470 m.
1119 2440 1215 2470 omits
1232 2439 1358 2470 ‘idem.'

996 2484 1076 2514 adeo
1099 2482 1215 2523 exitio]
1265 2487 1272 2499 ‘
1286 2493 1365 2513 even
1388 2485 1423 2513 to
1445 2483 1503 2513 the
1526 2482 1600 2513 ruin
1615 2483 1653 2513 of
1670 2483 1728 2514 the

952 2526 1155 2567 Vectigalia.'
1221 2526 1369 2556 Another
1413 2526 1557 2566 example
1602 2526 1726 2567 shortly

951 2570 1036 2600 after
1060 2570 1191 2606 follows,
1224 2574 1233 2586 ‘
1243 2573 1341 2610 atque
1372 2569 1606 2600 adeo—tollit?
1650 2569 1726 2600 Also

141 2227 234 2258 there
256 2227 283 2257 is
305 2238 346 2258 no
368 2227 451 2258 lack.
499 2228 539 2257 In
558 2227 629 2257 Liv.
645 2227 688 2257 vi.
705 2227 756 2263 26,
780 2226 912 2267 “preci-

140 2270 200 2300 bus
213 2272 364 2301 eventum
377 2271 492 2301 vestris
503 2272 633 2301 senatus
643 2280 737 2310 quem
747 2270 912 2300 videbitur

141 2313 266 2344 dabit?
312 2314 351 2343 In
375 2314 446 2344 Lib.
471 2316 500 2344 2.
525 2324 551 2343 c.
576 2315 628 2349 13,
652 2314 746 2343 there
768 2313 794 2343 is
819 2317 912 2343 ‘eum

135 2356 279 2397 judicem
296 2367 390 2396 quem
407 2357 610 2387 commodum
627 2356 864 2386 erat—dabat?

182 2410 280 2439 neque
299 2402 405 2429 tamen
427 2399 498 2441 effu]
546 2400 613 2429 The
630 2399 798 2429 Publicani
814 2399 912 2429 asked

139 2443 196 2474 the
220 2443 345 2473 consuls
368 2445 403 2473 to
426 2443 489 2472 add
513 2443 636 2473 certain
659 2443 771 2482 things
794 2444 829 2472 to
853 2442 911 2472 the

138 2488 239 2517 ternis
257 2485 387 2526 (legem)
399 2485 435 2516 of
446 2485 502 2516 the
518 2486 648 2525 letting,
659 2485 720 2515 but
735 2488 791 2526 yet
807 2487 865 2515 not
875 2496 909 2515 so

138 2540 172 2561 as
194 2530 229 2560 in
251 2529 345 2560 other
367 2531 508 2568 respects
530 2531 565 2559 to
592 2529 719 2559 deviate
741 2528 824 2558 from
851 2528 908 2558 the

137 2576 238 2604 terms
263 2572 367 2602 which
397 2572 454 2602 the
479 2582 605 2602 censors
631 2571 794 2601 observed.
839 2571 907 2601 The

136 2617 241 2647 words
265 2619 388 2656 ‘neque
411 2615 544 2651 ta1nc11,'
568 2615 634 2650 &e.,
658 2624 711 2644 are
735 2613 848 2649 added,
873 2624 906 2644 as

136 2660 255 2700 Zumpt
267 2659 424 2694 observes,
437 2661 472 2689 to
481 2658 568 2688 show
578 2658 653 2688 that
668 2657 725 2687 the
738 2657 906 2687 Publicani

134 2703 234 2734 asked
256 2703 305 2733 for
328 2702 467 2742 nothing
490 2700 729 2736 unreasonable,
746 2700 807 2730 but
830 2700 904 2740 only

134 2746 184 2777 for
194 2746 283 2776 what
293 2756 357 2776 was
372 2745 526 2776 observed
540 2745 574 2774 in
585 2743 706 2783 letting
717 2743 774 2773 the
791 2746 800 2759 ‘
810 2743 904 2773 decu-

134 2799 205 2820 mae
216 2789 225 2802 '
243 2789 280 2819 of
290 2789 384 2819 other
400 2788 576 2829 provinces.
621 2787 688 2817 But
704 2786 761 2816 the
777 2786 903 2816 consuls

133 2831 214 2872 kept
236 2834 271 2863 to
294 2832 350 2862 the
374 2832 441 2862 Lex
464 2830 649 2862 Hieronica.
703 2829 771 2860 The
792 2831 902 2860 senate

133 2875 281 2908 however
302 2875 367 2909 had
389 2874 552 2914 infringed
567 2874 595 2908 it
610 2874 653 2920 by
668 2873 789 2913 letting
811 2873 902 2904 these

950 2613 984 2643 in
1007 2613 1064 2644 the
1088 2615 1166 2644 next
1190 2613 1323 2649 seetion,
1349 2615 1468 2653 ‘atque
1486 2613 1565 2643 adeo
1592 2612 1726 2643 saeculis

952 2657 1023 2687 tot?

993 2698 1184 2740 amovendo]
1211 2703 1232 2716 “
1243 2703 1252 2716 ‘
1262 2699 1480 2730 admovendo'
1496 2698 1527 2728 V
1536 2711 1546 2735 3
1569 2700 1669 2734 recte,
1685 2700 1725 2729 ut

948 2743 1112 2779 videtur,’'
1130 2743 1239 2772 Halm.
1274 2743 1291 2772 1
1308 2744 1427 2773 cannot
1442 2753 1493 2772 see
1508 2742 1723 2781 it.—‘expor-

947 2787 1047 2817 tando
1056 2786 1075 2816 :³
1088 2785 1318 2826 ‘asportand0,’
1325 2785 1435 2821 Orelli,
1443 2785 1499 2816 the
1506 2784 1723 2825 wrongword.

989 2831 1200 2860 commutaret
1211 2829 1267 2859 sed
1279 2831 1444 2865 everteret,
1459 2851 1466 2858 .
1481 2851 1487 2858 .
1502 2851 1509 2858 .
1521 2827 1720 2867 instituerit]

946 2872 1050 2904 There
1077 2873 1103 2903 is
1129 2883 1171 2910 no
1197 2872 1300 2904 doubt
1326 2872 1362 2907 of
1384 2872 1441 2907 the
1465 2873 1663 2902 correctness
1689 2871 1728 2900 of
