<?xml version="1.0" encoding="UTF-8"?>
<!DOCTYPE html PUBLIC "-//W3C//DTD XHTML 1.0 Transitional//EN"
    "http://www.w3.org/TR/xhtml1/DTD/xhtml1-transitional.dtd">
<html xmlns="http://www.w3.org/1999/xhtml" xml:lang="en" lang="en">
 <head>
  <title>
</title>
<meta http-equiv="Content-Type" content="text/html;charset=utf-8" />
  <meta name='ocr-system' content='tesseract 3.04.00' />
  <meta name='ocr-capabilities' content='ocr_page ocr_carea ocr_par ocr_line ocrx_word'/>
</head>
<body>
  <div class='ocr_page' id='page_1' title='image "./orationeswithcom01ciceuoft_0279.png"; bbox 0 0 1849 3167; ppageno 0'>
   <div class='ocr_carea' id='block_1_1' title="bbox 531 142 1732 186">
    <p class='ocr_par' dir='ltr' id='par_1_1' title="bbox 531 142 1732 186">
     <span class='ocr_line' id='line_1_1' title="bbox 531 142 1732 186; baseline 0 0"><span class='ocrx_word' id='word_1_1' title='bbox 531 144 658 186; x_wconf 90' lang='lat' dir='ltr'>ACT.</span> <span class='ocrx_word' id='word_1_2' title='bbox 691 144 754 186; x_wconf 90' lang='grc' dir='ltr'>Π.</span> <span class='ocrx_word' id='word_1_3' title='bbox 786 143 973 186; x_wconf 83' lang='lat' dir='ltr'>LIBER</span> <span class='ocrx_word' id='word_1_4' title='bbox 1003 142 1327 186; x_wconf 85' lang='lat' dir='ltr'>SECUNDUS.</span> <span class='ocrx_word' id='word_1_5' title='bbox 1649 143 1732 186; x_wconf 83' lang='lat'>261</span> 
     </span>
    </p>
   </div>
   <div class='ocr_carea' id='block_1_2' title="bbox 115 255 1732 2134">
    <p class='ocr_par' dir='ltr' id='par_1_2' title="bbox 120 255 1732 1421">
     <span class='ocr_line' id='line_1_2' title="bbox 128 255 1732 314; baseline -0.001 -15"><span class='ocrx_word' id='word_1_6' title='bbox 128 257 271 299; x_wconf 88' lang='lat' dir='ltr'>dotem</span> <span class='ocrx_word' id='word_1_7' title='bbox 291 257 439 299; x_wconf 84' lang='lat' dir='ltr'>sortito</span> <span class='ocrx_word' id='word_1_8' title='bbox 460 258 554 313; x_wconf 87' lang='lat' dir='ltr'>capi</span> <span class='ocrx_word' id='word_1_9' title='bbox 569 258 730 314; x_wconf 88' lang='lat' dir='ltr'>jubeat,</span> <span class='ocrx_word' id='word_1_10' title='bbox 753 257 866 314; x_wconf 89' lang='lat' dir='ltr'>quod</span> <span class='ocrx_word' id='word_1_11' title='bbox 886 257 999 313; x_wconf 89' lang='lat' dir='ltr'>apud</span> <span class='ocrx_word' id='word_1_12' title='bbox 1014 257 1109 299; x_wconf 91' lang='lat' dir='ltr'>illos</span> <span class='ocrx_word' id='word_1_13' title='bbox 1125 255 1434 312; x_wconf 86' lang='lat' dir='ltr'>amplissimum</span> <span class='ocrx_word' id='word_1_14' title='bbox 1450 256 1732 298; x_wconf 85' lang='lat' dir='ltr'>sacerdotium</span> 
     </span>
     <span class='ocr_line' id='line_1_3' title="bbox 126 322 1731 379; baseline 0 -16"><span class='ocrx_word' id='word_1_15' title='bbox 126 327 314 377; x_wconf 88' lang='lat' dir='ltr'>putatur.</span> <span class='ocrx_word' id='word_1_16' title='bbox 378 322 521 368; x_wconf 75' lang='lat' dir='ltr'>Quum</span> <span class='ocrx_word' id='word_1_17' title='bbox 541 324 755 379; x_wconf 84' lang='lat' dir='ltr'>suffragiis</span> <span class='ocrx_word' id='word_1_18' title='bbox 776 329 862 364; x_wconf 87' lang='lat' dir='ltr'>tres</span> <span class='ocrx_word' id='word_1_19' title='bbox 883 338 938 364; x_wconf 78' lang='lat' dir='ltr'>ex</span> <span class='ocrx_word' id='word_1_20' title='bbox 958 323 1095 364; x_wconf 88' lang='lat' dir='ltr'>tribus</span> <span class='ocrx_word' id='word_1_21' title='bbox 1117 322 1343 378; x_wconf 86' lang='lat' dir='ltr'>generibus</span> <span class='ocrx_word' id='word_1_22' title='bbox 1369 322 1501 362; x_wconf 89' lang='lat' dir='ltr'>creati</span> <span class='ocrx_word' id='word_1_23' title='bbox 1531 328 1642 371; x_wconf 86' lang='lat' dir='ltr'>sunt,</span> <span class='ocrx_word' id='word_1_24' title='bbox 1665 337 1731 363; x_wconf 90' lang='lat' dir='ltr'>res</span> 
     </span>
     <span class='ocr_line' id='line_1_4' title="bbox 126 387 1731 443; baseline 0 -14"><span class='ocrx_word' id='word_1_25' title='bbox 126 394 349 429; x_wconf 87' lang='lat' dir='ltr'>revocatur</span> <span class='ocrx_word' id='word_1_26' title='bbox 384 389 438 429; x_wconf 87' lang='lat' dir='ltr'>ad</span> <span class='ocrx_word' id='word_1_27' title='bbox 472 395 640 430; x_wconf 78' lang='lat' dir='ltr'><strong>sortem.</strong></span> <span class='ocrx_word' id='word_1_28' title='bbox 713 388 956 429; x_wconf 88' lang='lat' dir='ltr'>Perfecerat</span> <span class='ocrx_word' id='word_1_29' title='bbox 996 388 1076 429; x_wconf 91' lang='lat' dir='ltr'>iste</span> <span class='ocrx_word' id='word_1_30' title='bbox 1111 388 1289 443; x_wconf 90' lang='lat' dir='ltr'>imperio</span> <span class='ocrx_word' id='word_1_31' title='bbox 1329 392 1378 427; x_wconf 90' lang='lat' dir='ltr'>ut</span> <span class='ocrx_word' id='word_1_32' title='bbox 1417 402 1493 441; x_wconf 86' lang='lat' dir='ltr'>pro</span> <span class='ocrx_word' id='word_1_33' title='bbox 1529 387 1731 442; x_wconf 85' lang='lat' dir='ltr'>suffragio</span> 
     </span>
     <span class='ocr_line' id='line_1_5' title="bbox 127 452 1731 495; baseline 0 -2"><span class='ocrx_word' id='word_1_34' title='bbox 127 452 434 494; x_wconf 74' lang='lat' dir='ltr'>Theomnastus</span> <span class='ocrx_word' id='word_1_35' title='bbox 455 454 677 495; x_wconf 87' lang='lat' dir='ltr'>familiaris</span> <span class='ocrx_word' id='word_1_36' title='bbox 705 469 803 495; x_wconf 87' lang='lat' dir='ltr'>suus</span> <span class='ocrx_word' id='word_1_37' title='bbox 823 453 870 494; x_wconf 92' lang='lat' dir='ltr'>in</span> <span class='ocrx_word' id='word_1_38' title='bbox 890 453 1026 494; x_wconf 88' lang='lat' dir='ltr'>tribus</span> <span class='ocrx_word' id='word_1_39' title='bbox 1058 452 1145 494; x_wconf 82' lang='lat' dir='ltr'>illis</span> <span class='ocrx_word' id='word_1_40' title='bbox 1177 452 1519 493; x_wconf 77' lang='lat' dir='ltr'>renuntiaretur:</span> <span class='ocrx_word' id='word_1_41' title='bbox 1551 452 1598 492; x_wconf 91' lang='lat' dir='ltr'>in</span> <span class='ocrx_word' id='word_1_42' title='bbox 1621 458 1731 493; x_wconf 85' lang='lat' dir='ltr'>sorte</span> 
     </span>
     <span class='ocr_line' id='line_1_6' title="bbox 126 517 1732 574; baseline 0 -16"><span class='ocrx_word' id='word_1_43' title='bbox 126 518 195 558; x_wconf 84' lang='lat' dir='ltr'>cui</span> <span class='ocrx_word' id='word_1_44' title='bbox 224 518 434 573; x_wconf 85' lang='lat' dir='ltr'>imperare</span> <span class='ocrx_word' id='word_1_45' title='bbox 464 534 550 560; x_wconf 95' lang='lat' dir='ltr'>non</span> <span class='ocrx_word' id='word_1_46' title='bbox 581 524 748 574; x_wconf 88' lang='lat' dir='ltr'>poterat</span> <span class='ocrx_word' id='word_1_47' title='bbox 775 519 1076 572; x_wconf 74' lang='lat' dir='ltr'>exspectabant</span> <span class='ocrx_word' id='word_1_48' title='bbox 1102 518 1296 558; x_wconf 85' lang='lat' dir='ltr'>homines</span> <span class='ocrx_word' id='word_1_49' title='bbox 1326 517 1533 572; x_wconf 76' lang='lat' dir='ltr'>quidnam</span> <span class='ocrx_word' id='word_1_50' title='bbox 1563 523 1732 558; x_wconf 88' lang='lat' dir='ltr'>acturus</span> 
     </span>
     <span class='ocr_line' id='line_1_7' title="bbox 126 582 1732 640; baseline -0.001 -16"><span class='ocrx_word' id='word_1_51' title='bbox 126 588 245 624; x_wconf 86' lang='lat' dir='ltr'>esset.</span> <span class='ocrx_word' id='word_1_52' title='bbox 309 584 462 634; x_wconf 88' lang='lat' dir='ltr'>Homo,</span> <span class='ocrx_word' id='word_1_53' title='bbox 485 585 528 626; x_wconf 91' lang='lat' dir='ltr'>id</span> <span class='ocrx_word' id='word_1_54' title='bbox 550 585 663 640; x_wconf 90' lang='lat' dir='ltr'>quod</span> <span class='ocrx_word' id='word_1_55' title='bbox 683 590 774 625; x_wconf 88' lang='lat' dir='ltr'>erat</span> <span class='ocrx_word' id='word_1_56' title='bbox 794 584 1060 634; x_wconf 85' lang='lat' dir='ltr'>facillimum,</span> <span class='ocrx_word' id='word_1_57' title='bbox 1092 584 1231 638; x_wconf 89' lang='lat' dir='ltr'>primo</span> <span class='ocrx_word' id='word_1_58' title='bbox 1263 588 1380 625; x_wconf 85' lang='lat' dir='ltr'>vetat</span> <span class='ocrx_word' id='word_1_59' title='bbox 1413 582 1580 624; x_wconf 85' lang='lat' dir='ltr'>sortiri:</span> <span class='ocrx_word' id='word_1_60' title='bbox 1608 582 1732 637; x_wconf 86' lang='lat' dir='ltr'>jubet</span> 
     </span>
     <span class='ocr_line' id='line_1_8' title="bbox 126 646 1732 704; baseline -0.002 -15"><span class='ocrx_word' id='word_1_61' title='bbox 126 653 248 690; x_wconf 80' lang='lat' dir='ltr'>extra</span> <span class='ocrx_word' id='word_1_62' title='bbox 268 655 424 691; x_wconf 79' lang='lat' dir='ltr'>sortem</span> <span class='ocrx_word' id='word_1_63' title='bbox 444 650 776 691; x_wconf 85' lang='lat' dir='ltr'>Theomnastum</span> <span class='ocrx_word' id='word_1_64' title='bbox 797 649 1046 690; x_wconf 86' lang='lat' dir='ltr'>renuntiari.</span> <span class='ocrx_word' id='word_1_65' title='bbox 1108 649 1283 704; x_wconf 84' lang='lat' dir='ltr'>Negant</span> <span class='ocrx_word' id='word_1_66' title='bbox 1304 648 1350 688; x_wconf 90' lang='lat' dir='ltr'>id</span> <span class='ocrx_word' id='word_1_67' title='bbox 1371 646 1627 703; x_wconf 83' lang='lat' dir='ltr'>Syracusani</span> <span class='ocrx_word' id='word_1_68' title='bbox 1655 661 1732 701; x_wconf 90' lang='lat' dir='ltr'>per</span> 
     </span>
     <span class='ocr_line' id='line_1_9' title="bbox 125 713 1728 770; baseline -0.001 -15"><span class='ocrx_word' id='word_1_69' title='bbox 125 714 353 769; x_wconf 84' lang='lat' dir='ltr'>religiones</span> <span class='ocrx_word' id='word_1_70' title='bbox 374 730 588 756; x_wconf 87' lang='lat' dir='ltr'>sacrorum</span> <span class='ocrx_word' id='word_1_71' title='bbox 608 715 695 756; x_wconf 88' lang='lat' dir='ltr'>ullo</span> <span class='ocrx_word' id='word_1_72' title='bbox 715 715 839 756; x_wconf 90' lang='lat' dir='ltr'>modo</span> <span class='ocrx_word' id='word_1_73' title='bbox 859 715 952 756; x_wconf 89' lang='lat' dir='ltr'>fieri</span> <span class='ocrx_word' id='word_1_74' title='bbox 972 730 1091 770; x_wconf 91' lang='lat' dir='ltr'>posse</span> <span class='ocrx_word' id='word_1_75' title='bbox 1110 730 1118 756; x_wconf 91' lang='lat'>:</span> <span class='ocrx_word' id='word_1_76' title='bbox 1151 714 1214 755; x_wconf 86' lang='lat' dir='ltr'>fas</span> <span class='ocrx_word' id='word_1_77' title='bbox 1235 713 1418 768; x_wconf 90' lang='lat' dir='ltr'>denique</span> <span class='ocrx_word' id='word_1_78' title='bbox 1445 717 1607 768; x_wconf 83' lang='lat' dir='ltr'>negant</span> <span class='ocrx_word' id='word_1_79' title='bbox 1628 727 1728 753; x_wconf 91' lang='lat' dir='ltr'>esse.</span> 
     </span>
     <span class='ocr_line' id='line_1_10' title="bbox 125 778 1727 835; baseline -0.002 -15"><span class='ocrx_word' id='word_1_80' title='bbox 125 779 256 821; x_wconf 81' lang='lat' dir='ltr'>Jubet</span> <span class='ocrx_word' id='word_1_81' title='bbox 288 780 368 821; x_wconf 88' lang='lat' dir='ltr'>iste</span> <span class='ocrx_word' id='word_1_82' title='bbox 396 781 477 822; x_wconf 83' lang='lat' dir='ltr'>sibi</span> <span class='ocrx_word' id='word_1_83' title='bbox 506 781 647 835; x_wconf 84' lang='lat' dir='ltr'>legem</span> <span class='ocrx_word' id='word_1_84' title='bbox 674 780 856 821; x_wconf 88' lang='lat' dir='ltr'>recitari.</span> <span class='ocrx_word' id='word_1_85' title='bbox 918 779 1154 829; x_wconf 86' lang='lat' dir='ltr'>Recitatur,</span> <span class='ocrx_word' id='word_1_86' title='bbox 1191 779 1239 819; x_wconf 91' lang='lat' dir='ltr'>in</span> <span class='ocrx_word' id='word_1_87' title='bbox 1274 793 1358 833; x_wconf 88' lang='lat' dir='ltr'>qua</span> <span class='ocrx_word' id='word_1_88' title='bbox 1388 778 1596 832; x_wconf 87' lang='lat' dir='ltr'>seriptum</span> <span class='ocrx_word' id='word_1_89' title='bbox 1625 782 1727 826; x_wconf 89' lang='lat' dir='ltr'>erat,</span> 
     </span>
     <span class='ocr_line' id='line_1_11' title="bbox 125 843 1727 900; baseline -0.002 -13"><span class='ocrx_word' id='word_1_90' title='bbox 125 844 188 886; x_wconf 74' lang='lat' dir='ltr'>Ut</span> <span class='ocrx_word' id='word_1_91' title='bbox 223 851 325 900; x_wconf 90' lang='lat' dir='ltr'>quot</span> <span class='ocrx_word' id='word_1_92' title='bbox 358 851 495 887; x_wconf 89' lang='lat' dir='ltr'>essent</span> <span class='ocrx_word' id='word_1_93' title='bbox 530 846 777 895; x_wconf 85' lang='lat' dir='ltr'>renuntiati,</span> <span class='ocrx_word' id='word_1_94' title='bbox 814 850 878 886; x_wconf 86' lang='lat' dir='ltr'>tot</span> <span class='ocrx_word' id='word_1_95' title='bbox 913 845 960 885; x_wconf 89' lang='lat' dir='ltr'>in</span> <span class='ocrx_word' id='word_1_96' title='bbox 991 845 1192 899; x_wconf 80' lang='lat' dir='ltr'>hydriam</span> <span class='ocrx_word' id='word_1_97' title='bbox 1225 849 1356 884; x_wconf 87' lang='lat' dir='ltr'>sortes</span> <span class='ocrx_word' id='word_1_98' title='bbox 1389 843 1727 898; x_wconf 87' lang='lat' dir='ltr'>conjicerentur:</span> 
     </span>
     <span class='ocr_line' id='line_1_12' title="bbox 124 908 1727 966; baseline -0.002 -14"><span class='ocrx_word' id='word_1_99' title='bbox 124 910 269 966; x_wconf 88' lang='lat' dir='ltr'>cujum</span> <span class='ocrx_word' id='word_1_100' title='bbox 289 926 445 952; x_wconf 89' lang='lat' dir='ltr'>nomen</span> <span class='ocrx_word' id='word_1_101' title='bbox 475 911 629 952; x_wconf 80' lang='lat' dir='ltr'>exisset</span> <span class='ocrx_word' id='word_1_102' title='bbox 649 916 697 951; x_wconf 92' lang='lat' dir='ltr'>ut</span> <span class='ocrx_word' id='word_1_103' title='bbox 718 911 753 951; x_wconf 91' lang='lat' dir='ltr'>is</span> <span class='ocrx_word' id='word_1_104' title='bbox 773 910 948 951; x_wconf 88' lang='lat' dir='ltr'>haberet</span> <span class='ocrx_word' id='word_1_105' title='bbox 968 910 1013 950; x_wconf 87' lang='lat' dir='ltr'>id</span> <span class='ocrx_word' id='word_1_106' title='bbox 1034 909 1326 950; x_wconf 87' lang='lat' dir='ltr'>sacerdotium.</span> <span class='ocrx_word' id='word_1_107' title='bbox 1387 909 1476 949; x_wconf 87' lang='lat' dir='ltr'>Iste</span> <span class='ocrx_word' id='word_1_108' title='bbox 1505 909 1631 949; x_wconf 92' lang='lat' dir='ltr'>homo</span> <span class='ocrx_word' id='word_1_109' title='bbox 1661 908 1727 948; x_wconf 90' lang='lat' dir='ltr'>in-</span> 
     </span>
     <span class='ocr_line' id='line_1_13' title="bbox 125 973 1727 1031; baseline -0.002 -15"><span class='ocrx_word' id='word_1_110' title='bbox 125 976 322 1030; x_wconf 85' lang='lat' dir='ltr'>geniosus</span> <span class='ocrx_word' id='word_1_111' title='bbox 357 982 399 1017; x_wconf 92' lang='lat' dir='ltr'>et</span> <span class='ocrx_word' id='word_1_112' title='bbox 433 982 669 1031; x_wconf 89' lang='lat' dir='ltr'>peracutus,</span> <span class='ocrx_word' id='word_1_113' title='bbox 708 975 891 1030; x_wconf 88' lang='lat' dir='ltr'>Optime,</span> <span class='ocrx_word' id='word_1_114' title='bbox 928 975 1097 1029; x_wconf 85' lang='lat' dir='ltr'>inquit:</span> <span class='ocrx_word' id='word_1_115' title='bbox 1140 989 1293 1028; x_wconf 90' lang='lat' dir='ltr'>nempe</span> <span class='ocrx_word' id='word_1_116' title='bbox 1328 973 1534 1028; x_wconf 90' lang='lat' dir='ltr'>scriptum</span> <span class='ocrx_word' id='word_1_117' title='bbox 1566 973 1627 1014; x_wconf 88' lang='lat' dir='ltr'>ita</span> <span class='ocrx_word' id='word_1_118' title='bbox 1651 977 1727 1021; x_wconf 89' lang='lat' dir='ltr'>est,</span> 
     </span>
     <span class='ocr_line' id='line_1_14' title="bbox 123 1038 1727 1095; baseline -0.001 -15"><span class='ocrx_word' id='word_1_119' title='bbox 123 1046 227 1094; x_wconf 91' lang='lat' dir='ltr'>quot</span> <span class='ocrx_word' id='word_1_120' title='bbox 259 1041 494 1082; x_wconf 86' lang='lat' dir='ltr'>renuntiati</span> <span class='ocrx_word' id='word_1_121' title='bbox 526 1046 662 1082; x_wconf 88' lang='lat' dir='ltr'>erunt.</span> <span class='ocrx_word' id='word_1_122' title='bbox 726 1040 839 1086; x_wconf 80' lang='lat' dir='ltr'>Quot</span> <span class='ocrx_word' id='word_1_123' title='bbox 860 1055 974 1095; x_wconf 87' lang='lat' dir='ltr'>ergo,</span> <span class='ocrx_word' id='word_1_124' title='bbox 997 1039 1151 1094; x_wconf 89' lang='lat' dir='ltr'>inquit,</span> <span class='ocrx_word' id='word_1_125' title='bbox 1185 1045 1285 1080; x_wconf 87' lang='lat' dir='ltr'>sunt</span> <span class='ocrx_word' id='word_1_126' title='bbox 1311 1038 1583 1080; x_wconf 82' lang='lat' dir='ltr'>renuntiati?</span> <span class='ocrx_word' id='word_1_127' title='bbox 1643 1038 1727 1079; x_wconf 90' lang='lat' dir='ltr'>Re-</span> 
     </span>
     <span class='ocr_line' id='line_1_15' title="bbox 124 1103 1726 1161; baseline -0.002 -15"><span class='ocrx_word' id='word_1_128' title='bbox 124 1107 346 1160; x_wconf 87' lang='lat' dir='ltr'>spondent,</span> <span class='ocrx_word' id='word_1_129' title='bbox 378 1112 477 1148; x_wconf 82' lang='lat' dir='ltr'>tres.</span> <span class='ocrx_word' id='word_1_130' title='bbox 538 1106 762 1161; x_wconf 89' lang='lat' dir='ltr'>Numquid</span> <span class='ocrx_word' id='word_1_131' title='bbox 796 1106 933 1161; x_wconf 81' lang='lat' dir='ltr'>igitur</span> <span class='ocrx_word' id='word_1_132' title='bbox 968 1110 1133 1159; x_wconf 87' lang='lat' dir='ltr'>oportet</span> <span class='ocrx_word' id='word_1_133' title='bbox 1163 1104 1248 1145; x_wconf 89' lang='lat' dir='ltr'>nisi</span> <span class='ocrx_word' id='word_1_134' title='bbox 1282 1109 1368 1144; x_wconf 90' lang='lat' dir='ltr'>tres</span> <span class='ocrx_word' id='word_1_135' title='bbox 1396 1108 1527 1144; x_wconf 90' lang='lat' dir='ltr'>sortes</span> <span class='ocrx_word' id='word_1_136' title='bbox 1560 1103 1726 1158; x_wconf 88' lang='lat' dir='ltr'>conjici,</span> 
     </span>
     <span class='ocr_line' id='line_1_16' title="bbox 122 1168 1728 1225; baseline -0.002 -14"><span class='ocrx_word' id='word_1_137' title='bbox 122 1185 252 1211; x_wconf 90' lang='lat' dir='ltr'>unam</span> <span class='ocrx_word' id='word_1_138' title='bbox 273 1172 430 1213; x_wconf 79' lang='lat' dir='ltr'>educi?</span> <span class='ocrx_word' id='word_1_139' title='bbox 488 1171 625 1212; x_wconf 91' lang='lat' dir='ltr'>Nihil.</span> <span class='ocrx_word' id='word_1_140' title='bbox 689 1170 853 1225; x_wconf 89' lang='lat' dir='ltr'>Conjici</span> <span class='ocrx_word' id='word_1_141' title='bbox 869 1170 993 1225; x_wconf 88' lang='lat' dir='ltr'>jubet</span> <span class='ocrx_word' id='word_1_142' title='bbox 1012 1176 1098 1210; x_wconf 89' lang='lat' dir='ltr'>tres</span> <span class='ocrx_word' id='word_1_143' title='bbox 1126 1168 1172 1209; x_wconf 92' lang='lat' dir='ltr'>in</span> <span class='ocrx_word' id='word_1_144' title='bbox 1207 1168 1360 1223; x_wconf 85' lang='lat' dir='ltr'>quibus</span> <span class='ocrx_word' id='word_1_145' title='bbox 1393 1168 1588 1209; x_wconf 92' lang='lat' dir='ltr'>omnibus</span> <span class='ocrx_word' id='word_1_146' title='bbox 1620 1173 1728 1208; x_wconf 89' lang='lat' dir='ltr'>esset</span> 
     </span>
     <span class='ocr_line' id='line_1_17' title="bbox 121 1232 1729 1291; baseline -0.002 -15"><span class='ocrx_word' id='word_1_147' title='bbox 121 1235 375 1291; x_wconf 88' lang='lat' dir='ltr'>inscriptum</span> <span class='ocrx_word' id='word_1_148' title='bbox 408 1251 564 1277; x_wconf 90' lang='lat' dir='ltr'>nomen</span> <span class='ocrx_word' id='word_1_149' title='bbox 599 1235 885 1276; x_wconf 82' lang='lat' dir='ltr'>Theomnasti.</span> <span class='ocrx_word' id='word_1_150' title='bbox 958 1234 1032 1275; x_wconf 84' lang='lat' dir='ltr'>Fit</span> <span class='ocrx_word' id='word_1_151' title='bbox 1072 1234 1230 1275; x_wconf 90' lang='lat' dir='ltr'>clamor</span> <span class='ocrx_word' id='word_1_152' title='bbox 1264 1233 1477 1274; x_wconf 81' lang='lat' dir='ltr'>maximus</span> <span class='ocrx_word' id='word_1_153' title='bbox 1512 1248 1645 1288; x_wconf 89' lang='lat' dir='ltr'>quum</span> <span class='ocrx_word' id='word_1_154' title='bbox 1683 1232 1729 1273; x_wconf 89' lang='lat' dir='ltr'>id</span> 
     </span>
     <span class='ocr_line' id='line_1_18' title="bbox 120 1297 1726 1356; baseline -0.002 -14"><span class='ocrx_word' id='word_1_155' title='bbox 120 1301 329 1342; x_wconf 87' lang='lat' dir='ltr'>universis</span> <span class='ocrx_word' id='word_1_156' title='bbox 349 1301 578 1356; x_wconf 86' lang='lat' dir='ltr'>indignum</span> <span class='ocrx_word' id='word_1_157' title='bbox 599 1315 647 1341; x_wconf 88' lang='lat' dir='ltr'>ac</span> <span class='ocrx_word' id='word_1_158' title='bbox 667 1300 880 1341; x_wconf 88' lang='lat' dir='ltr'>nefarium</span> <span class='ocrx_word' id='word_1_159' title='bbox 899 1299 1128 1340; x_wconf 82' lang='lat' dir='ltr'>videretur.</span> <span class='ocrx_word' id='word_1_160' title='bbox 1190 1299 1260 1339; x_wconf 90' lang='lat' dir='ltr'>Ita</span> <span class='ocrx_word' id='word_1_161' title='bbox 1295 1298 1323 1339; x_wconf 84' lang='lat' dir='ltr'>J</span> <span class='ocrx_word' id='word_1_162' title='bbox 1326 1298 1416 1339; x_wconf 88' lang='lat' dir='ltr'>ovis</span> <span class='ocrx_word' id='word_1_163' title='bbox 1450 1297 1560 1339; x_wconf 90' lang='lat' dir='ltr'>illud</span> <span class='ocrx_word' id='word_1_164' title='bbox 1590 1312 1726 1338; x_wconf 87' lang='lat' dir='ltr'>sacer-</span> 
     </span>
     <span class='ocr_line' id='line_1_19' title="bbox 121 1363 1535 1421; baseline -0.003 -14"><span class='ocrx_word' id='word_1_165' title='bbox 121 1365 287 1406; x_wconf 90' lang='lat' dir='ltr'>dotium</span> <span class='ocrx_word' id='word_1_166' title='bbox 306 1366 615 1421; x_wconf 86' lang='lat' dir='ltr'>amplissimum</span> <span class='ocrx_word' id='word_1_167' title='bbox 635 1381 711 1420; x_wconf 86' lang='lat' dir='ltr'>per</span> <span class='ocrx_word' id='word_1_168' title='bbox 731 1365 842 1406; x_wconf 89' lang='lat' dir='ltr'>hanc</span> <span class='ocrx_word' id='word_1_169' title='bbox 862 1364 1072 1405; x_wconf 86' lang='lat' dir='ltr'>rationem</span> <span class='ocrx_word' id='word_1_170' title='bbox 1092 1364 1376 1405; x_wconf 85' lang='lat' dir='ltr'>Theomnasto</span> <span class='ocrx_word' id='word_1_171' title='bbox 1397 1363 1535 1404; x_wconf 87' lang='lat' dir='ltr'>datur.</span> 
     </span>
    </p>

    <p class='ocr_par' dir='ltr' id='par_1_3' title="bbox 115 1427 1728 2134">
     <span class='ocr_line' id='line_1_20' title="bbox 178 1427 1727 1486; baseline -0.003 -14"><span class='ocrx_word' id='word_1_172' title='bbox 178 1430 280 1472; x_wconf 88' lang='lat' dir='ltr'><strong>LII.</strong></span> <span class='ocrx_word' id='word_1_173' title='bbox 315 1430 573 1486; x_wconf 88' lang='lat' dir='ltr'>Cephaloedi</span> <span class='ocrx_word' id='word_1_174' title='bbox 592 1430 750 1472; x_wconf 89' lang='lat' dir='ltr'>mensis</span> <span class='ocrx_word' id='word_1_175' title='bbox 771 1435 835 1471; x_wconf 88' lang='lat' dir='ltr'>est</span> <span class='ocrx_word' id='word_1_176' title='bbox 855 1435 995 1471; x_wconf 89' lang='lat' dir='ltr'>certus</span> <span class='ocrx_word' id='word_1_177' title='bbox 1016 1444 1100 1484; x_wconf 91' lang='lat' dir='ltr'>quo</span> <span class='ocrx_word' id='word_1_178' title='bbox 1121 1444 1266 1470; x_wconf 89' lang='lat' dir='ltr'>mense</span> <span class='ocrx_word' id='word_1_179' title='bbox 1296 1429 1561 1469; x_wconf 87' lang='lat' dir='ltr'>sacerdotem</span> <span class='ocrx_word' id='word_1_180' title='bbox 1589 1427 1727 1468; x_wconf 75' lang='lat' dir='ltr'>maxi-</span> 
     </span>
     <span class='ocr_line' id='line_1_21' title="bbox 119 1493 1726 1551; baseline -0.002 -15"><span class='ocrx_word' id='word_1_181' title='bbox 119 1511 237 1537; x_wconf 90' lang='lat' dir='ltr'>mum</span> <span class='ocrx_word' id='word_1_182' title='bbox 258 1497 392 1537; x_wconf 86' lang='lat' dir='ltr'>creari</span> <span class='ocrx_word' id='word_1_183' title='bbox 412 1502 614 1551; x_wconf 86' lang='lat' dir='ltr'>oporteat.</span> <span class='ocrx_word' id='word_1_184' title='bbox 676 1497 782 1536; x_wconf 86' lang='lat' dir='ltr'>Erat</span> <span class='ocrx_word' id='word_1_185' title='bbox 812 1495 902 1551; x_wconf 88' lang='lat' dir='ltr'>ejus</span> <span class='ocrx_word' id='word_1_186' title='bbox 935 1495 1107 1536; x_wconf 88' lang='lat' dir='ltr'>honoris</span> <span class='ocrx_word' id='word_1_187' title='bbox 1134 1494 1313 1549; x_wconf 88' lang='lat' dir='ltr'>cupidus</span> <span class='ocrx_word' id='word_1_188' title='bbox 1333 1493 1511 1535; x_wconf 90' lang='lat' dir='ltr'>Artemo</span> <span class='ocrx_word' id='word_1_189' title='bbox 1539 1493 1726 1548; x_wconf 87' lang='lat' dir='ltr'>quidam,</span> 
     </span>
     <span class='ocr_line' id='line_1_22' title="bbox 120 1558 1728 1617; baseline -0.001 -16"><span class='ocrx_word' id='word_1_190' title='bbox 120 1560 375 1603; x_wconf 85' lang='lat' dir='ltr'>Climachias</span> <span class='ocrx_word' id='word_1_191' title='bbox 396 1562 661 1617; x_wconf 76' lang='lat' dir='ltr'>cognomine,</span> <span class='ocrx_word' id='word_1_192' title='bbox 683 1562 809 1602; x_wconf 92' lang='lat' dir='ltr'>homo</span> <span class='ocrx_word' id='word_1_193' title='bbox 831 1576 931 1602; x_wconf 88' lang='lat' dir='ltr'>sane</span> <span class='ocrx_word' id='word_1_194' title='bbox 951 1560 1138 1615; x_wconf 90' lang='lat' dir='ltr'>locuples</span> <span class='ocrx_word' id='word_1_195' title='bbox 1160 1565 1202 1601; x_wconf 88' lang='lat' dir='ltr'>et</span> <span class='ocrx_word' id='word_1_196' title='bbox 1223 1559 1339 1601; x_wconf 90' lang='lat' dir='ltr'>domi</span> <span class='ocrx_word' id='word_1_197' title='bbox 1373 1559 1528 1600; x_wconf 88' lang='lat' dir='ltr'>nobilis</span> <span class='ocrx_word' id='word_1_198' title='bbox 1547 1574 1556 1609; x_wconf 90' lang='lat'>;</span> <span class='ocrx_word' id='word_1_199' title='bbox 1589 1558 1662 1600; x_wconf 87' lang='lat' dir='ltr'>sed</span> <span class='ocrx_word' id='word_1_200' title='bbox 1692 1559 1728 1599; x_wconf 89' lang='lat' dir='ltr'>is</span> 
     </span>
     <span class='ocr_line' id='line_1_23' title="bbox 118 1623 1727 1682; baseline -0.003 -14"><span class='ocrx_word' id='word_1_201' title='bbox 118 1626 213 1668; x_wconf 89' lang='lat' dir='ltr'>fieri</span> <span class='ocrx_word' id='word_1_202' title='bbox 232 1627 350 1668; x_wconf 91' lang='lat' dir='ltr'>nullo</span> <span class='ocrx_word' id='word_1_203' title='bbox 370 1629 495 1668; x_wconf 90' lang='lat' dir='ltr'>modo</span> <span class='ocrx_word' id='word_1_204' title='bbox 515 1633 683 1682; x_wconf 88' lang='lat' dir='ltr'>poterat</span> <span class='ocrx_word' id='word_1_205' title='bbox 704 1627 739 1668; x_wconf 86' lang='lat' dir='ltr'>si</span> <span class='ocrx_word' id='word_1_206' title='bbox 760 1627 1004 1668; x_wconf 91' lang='lat' dir='ltr'>Herodotus</span> <span class='ocrx_word' id='word_1_207' title='bbox 1017 1626 1193 1681; x_wconf 88' lang='lat' dir='ltr'>quidam</span> <span class='ocrx_word' id='word_1_208' title='bbox 1214 1625 1389 1666; x_wconf 88' lang='lat' dir='ltr'>adesset.</span> <span class='ocrx_word' id='word_1_209' title='bbox 1442 1624 1497 1664; x_wconf 86' lang='lat' dir='ltr'>Ei</span> <span class='ocrx_word' id='word_1_210' title='bbox 1517 1623 1634 1664; x_wconf 91' lang='lat' dir='ltr'>locus</span> <span class='ocrx_word' id='word_1_211' title='bbox 1654 1623 1727 1664; x_wconf 87' lang='lat' dir='ltr'>ille</span> 
     </span>
     <span class='ocr_line' id='line_1_24' title="bbox 119 1688 1728 1746; baseline -0.004 -13"><span class='ocrx_word' id='word_1_212' title='bbox 119 1697 246 1746; x_wconf 87' lang='lat' dir='ltr'>atque</span> <span class='ocrx_word' id='word_1_213' title='bbox 265 1692 398 1733; x_wconf 90' lang='lat' dir='ltr'>honos</span> <span class='ocrx_word' id='word_1_214' title='bbox 418 1693 465 1733; x_wconf 88' lang='lat' dir='ltr'>in</span> <span class='ocrx_word' id='word_1_215' title='bbox 485 1693 609 1733; x_wconf 90' lang='lat' dir='ltr'>illum</span> <span class='ocrx_word' id='word_1_216' title='bbox 629 1707 790 1733; x_wconf 92' lang='lat' dir='ltr'>annum</span> <span class='ocrx_word' id='word_1_217' title='bbox 810 1692 871 1732; x_wconf 90' lang='lat' dir='ltr'>ita</span> <span class='ocrx_word' id='word_1_218' title='bbox 892 1691 1037 1732; x_wconf 89' lang='lat' dir='ltr'>deberi</span> <span class='ocrx_word' id='word_1_219' title='bbox 1066 1690 1297 1745; x_wconf 90' lang='lat' dir='ltr'>putabatur</span> <span class='ocrx_word' id='word_1_220' title='bbox 1327 1694 1375 1730; x_wconf 89' lang='lat' dir='ltr'>ut</span> <span class='ocrx_word' id='word_1_221' title='bbox 1395 1704 1449 1729; x_wconf 93' lang='lat' dir='ltr'>ne</span> <span class='ocrx_word' id='word_1_222' title='bbox 1471 1688 1728 1729; x_wconf 81' lang='lat' dir='ltr'>Climachias</span> 
     </span>
     <span class='ocr_line' id='line_1_25' title="bbox 119 1752 1724 1811; baseline -0.003 -14"><span class='ocrx_word' id='word_1_223' title='bbox 119 1757 291 1811; x_wconf 89' lang='lat' dir='ltr'>quidem</span> <span class='ocrx_word' id='word_1_224' title='bbox 313 1762 459 1798; x_wconf 88' lang='lat' dir='ltr'>contra</span> <span class='ocrx_word' id='word_1_225' title='bbox 479 1757 651 1798; x_wconf 88' lang='lat' dir='ltr'>diceret.</span> <span class='ocrx_word' id='word_1_226' title='bbox 712 1756 798 1798; x_wconf 84' lang='lat' dir='ltr'>Res</span> <span class='ocrx_word' id='word_1_227' title='bbox 820 1757 873 1797; x_wconf 88' lang='lat' dir='ltr'>ad</span> <span class='ocrx_word' id='word_1_228' title='bbox 894 1756 1023 1797; x_wconf 89' lang='lat' dir='ltr'>istum</span> <span class='ocrx_word' id='word_1_229' title='bbox 1045 1755 1236 1796; x_wconf 86' lang='lat' dir='ltr'>defertur</span> <span class='ocrx_word' id='word_1_230' title='bbox 1258 1759 1300 1794; x_wconf 90' lang='lat' dir='ltr'>et</span> <span class='ocrx_word' id='word_1_231' title='bbox 1321 1754 1444 1794; x_wconf 89' lang='lat' dir='ltr'>istius</span> <span class='ocrx_word' id='word_1_232' title='bbox 1475 1767 1592 1793; x_wconf 89' lang='lat' dir='ltr'>more</span> <span class='ocrx_word' id='word_1_233' title='bbox 1613 1752 1724 1793; x_wconf 88' lang='lat' dir='ltr'>deci-</span> 
     </span>
     <span class='ocr_line' id='line_1_26' title="bbox 118 1816 1726 1875; baseline -0.003 -12"><span class='ocrx_word' id='word_1_234' title='bbox 118 1822 246 1862; x_wconf 89' lang='lat' dir='ltr'>ditur.</span> <span class='ocrx_word' id='word_1_235' title='bbox 308 1821 560 1863; x_wconf 90' lang='lat' dir='ltr'>Toreumata</span> <span class='ocrx_word' id='word_1_236' title='bbox 590 1836 690 1862; x_wconf 89' lang='lat' dir='ltr'>sane</span> <span class='ocrx_word' id='word_1_237' title='bbox 720 1827 821 1862; x_wconf 86' lang='lat' dir='ltr'>nota</span> <span class='ocrx_word' id='word_1_238' title='bbox 852 1836 900 1862; x_wconf 86' lang='lat' dir='ltr'>ao</span> <span class='ocrx_word' id='word_1_239' title='bbox 929 1820 1114 1875; x_wconf 87' lang='lat' dir='ltr'>pretiosa</span> <span class='ocrx_word' id='word_1_240' title='bbox 1144 1819 1407 1860; x_wconf 81' lang='lat' dir='ltr'>auferuntur.</span> <span class='ocrx_word' id='word_1_241' title='bbox 1481 1816 1726 1858; x_wconf 88' lang='lat' dir='ltr'>Herodotus</span> 
     </span>
     <span class='ocr_line' id='line_1_27' title="bbox 116 1882 1724 1940; baseline -0.002 -13"><span class='ocrx_word' id='word_1_242' title='bbox 116 1885 278 1928; x_wconf 88' lang='lat' dir='ltr'>Romae</span> <span class='ocrx_word' id='word_1_243' title='bbox 309 1892 426 1928; x_wconf 88' lang='lat' dir='ltr'>erat:</span> <span class='ocrx_word' id='word_1_244' title='bbox 478 1886 579 1927; x_wconf 86' lang='lat' dir='ltr'>satis</span> <span class='ocrx_word' id='word_1_245' title='bbox 609 1887 786 1940; x_wconf 84' lang='lat' dir='ltr'>putabat</span> <span class='ocrx_word' id='word_1_246' title='bbox 817 1900 860 1927; x_wconf 85' lang='lat' dir='ltr'>se</span> <span class='ocrx_word' id='word_1_247' title='bbox 891 1885 944 1926; x_wconf 89' lang='lat' dir='ltr'>ad</span> <span class='ocrx_word' id='word_1_248' title='bbox 975 1884 1145 1926; x_wconf 80' lang='lat' dir='ltr'>comitia</span> <span class='ocrx_word' id='word_1_249' title='bbox 1185 1889 1375 1937; x_wconf 86' lang='lat' dir='ltr'>tempore</span> <span class='ocrx_word' id='word_1_250' title='bbox 1417 1888 1647 1924; x_wconf 75' lang='lat' dir='ltr'>venturum</span> <span class='ocrx_word' id='word_1_251' title='bbox 1688 1882 1724 1923; x_wconf 84' lang='lat' dir='ltr'>si</span> 
     </span>
     <span class='ocr_line' id='line_1_28' title="bbox 115 1947 1724 2006; baseline -0.002 -14"><span class='ocrx_word' id='word_1_252' title='bbox 115 1952 254 2006; x_wconf 86' lang='lat' dir='ltr'>pridie</span> <span class='ocrx_word' id='word_1_253' title='bbox 284 1951 478 1992; x_wconf 86' lang='lat' dir='ltr'>venisset.</span> <span class='ocrx_word' id='word_1_254' title='bbox 541 1950 629 1991; x_wconf 90' lang='lat' dir='ltr'>Iste</span> <span class='ocrx_word' id='word_1_255' title='bbox 649 1965 703 1991; x_wconf 90' lang='lat' dir='ltr'>ne</span> <span class='ocrx_word' id='word_1_256' title='bbox 725 1955 797 1991; x_wconf 87' lang='lat' dir='ltr'>aut</span> <span class='ocrx_word' id='word_1_257' title='bbox 819 1949 901 1990; x_wconf 89' lang='lat' dir='ltr'>alio</span> <span class='ocrx_word' id='word_1_258' title='bbox 921 1964 1064 1990; x_wconf 85' lang='lat' dir='ltr'>mense</span> <span class='ocrx_word' id='word_1_259' title='bbox 1092 1963 1139 1989; x_wconf 85' lang='lat' dir='ltr'>ac</span> <span class='ocrx_word' id='word_1_260' title='bbox 1173 1947 1237 1988; x_wconf 87' lang='lat' dir='ltr'>fas</span> <span class='ocrx_word' id='word_1_261' title='bbox 1271 1953 1361 1988; x_wconf 83' lang='lat' dir='ltr'>erat</span> <span class='ocrx_word' id='word_1_262' title='bbox 1394 1947 1564 1988; x_wconf 75' lang='lat' dir='ltr'>coniitia</span> <span class='ocrx_word' id='word_1_263' title='bbox 1595 1947 1724 1988; x_wconf 89' lang='lat' dir='ltr'>habe-</span> 
     </span>
     <span class='ocr_line' id='line_1_29' title="bbox 117 2012 1723 2070; baseline -0.003 -13"><span class='ocrx_word' id='word_1_264' title='bbox 117 2022 266 2057; x_wconf 86' lang='lat' dir='ltr'>rentur</span> <span class='ocrx_word' id='word_1_265' title='bbox 287 2022 360 2057; x_wconf 90' lang='lat' dir='ltr'>aut</span> <span class='ocrx_word' id='word_1_266' title='bbox 381 2015 598 2057; x_wconf 85' lang='lat' dir='ltr'>Herodoto</span> <span class='ocrx_word' id='word_1_267' title='bbox 618 2015 831 2070; x_wconf 85' lang='lat' dir='ltr'>praesenti</span> <span class='ocrx_word' id='word_1_268' title='bbox 861 2014 994 2055; x_wconf 90' lang='lat' dir='ltr'>honos</span> <span class='ocrx_word' id='word_1_269' title='bbox 1025 2013 1294 2062; x_wconf 79' lang='lat' dir='ltr'>adimeretur,</span> <span class='ocrx_word' id='word_1_270' title='bbox 1318 2012 1362 2053; x_wconf 91' lang='lat' dir='ltr'>id</span> <span class='ocrx_word' id='word_1_271' title='bbox 1382 2012 1495 2067; x_wconf 91' lang='lat' dir='ltr'>quod</span> <span class='ocrx_word' id='word_1_272' title='bbox 1527 2012 1606 2052; x_wconf 85' lang='lat' dir='ltr'>iste</span> <span class='ocrx_word' id='word_1_273' title='bbox 1638 2027 1723 2053; x_wconf 89' lang='lat' dir='ltr'>non</span> 
     </span>
     <span class='ocr_line' id='line_1_30' title="bbox 115 2077 1720 2134; baseline -0.004 -11"><span class='ocrx_word' id='word_1_274' title='bbox 115 2081 347 2131; x_wconf 86' lang='lat' dir='ltr'>laborabat,</span> <span class='ocrx_word' id='word_1_275' title='bbox 371 2081 626 2123; x_wconf 84' lang='lat' dir='ltr'>Climachias</span> <span class='ocrx_word' id='word_1_276' title='bbox 647 2079 822 2121; x_wconf 87' lang='lat' dir='ltr'>minime</span> <span class='ocrx_word' id='word_1_277' title='bbox 855 2079 1035 2127; x_wconf 79' lang='lat' dir='ltr'>volebat,</span> <span class='ocrx_word' id='word_1_278' title='bbox 1059 2077 1427 2134; x_wconf 77' lang='lat' dir='ltr'>excogitat—dixi</span> <span class='ocrx_word' id='word_1_279' title='bbox 1452 2077 1720 2133; x_wconf 83' lang='lat' dir='ltr'>jamdudmn,</span> 
     </span>
    </p>
   </div>
   <div class='ocr_carea' id='block_1_3' title="bbox 940 2223 1721 2437">
    <p class='ocr_par' dir='ltr' id='par_1_4' title="bbox 940 2223 1721 2437">
     <span class='ocr_line' id='line_1_31' title="bbox 941 2223 1721 2264; baseline -0.006 -7"><span class='ocrx_word' id='word_1_280' title='bbox 941 2227 1054 2257; x_wconf 79' lang='lat' dir='ltr'>Lainb.</span> <span class='ocrx_word' id='word_1_281' title='bbox 1079 2226 1170 2261; x_wconf 80' lang='lat' dir='ltr'>have,</span> <span class='ocrx_word' id='word_1_282' title='bbox 1195 2225 1259 2255; x_wconf 87' lang='lat' dir='ltr'>and</span> <span class='ocrx_word' id='word_1_283' title='bbox 1282 2225 1347 2255; x_wconf 73' lang='lat' dir='ltr'>also</span> <span class='ocrx_word' id='word_1_284' title='bbox 1366 2223 1427 2263; x_wconf 81' lang='lat' dir='ltr'>Lg.</span> <span class='ocrx_word' id='word_1_285' title='bbox 1443 2223 1630 2264; x_wconf 81' lang='lat' dir='ltr'>G.—‘jnbet</span> <span class='ocrx_word' id='word_1_286' title='bbox 1649 2223 1701 2253; x_wconf 85' lang='lat' dir='ltr'>ille</span> <span class='ocrx_word' id='word_1_287' title='bbox 1714 2223 1721 2235; x_wconf 85' lang='lat'>’</span> 
     </span>
     <span class='ocr_line' id='line_1_32' title="bbox 943 2267 1662 2308; baseline -0.007 -8"><span class='ocrx_word' id='word_1_288' title='bbox 943 2271 1052 2305; x_wconf 79' lang='lat' dir='ltr'>Klotz,</span> <span class='ocrx_word' id='word_1_289' title='bbox 1070 2270 1151 2299; x_wconf 84' lang='lat' dir='ltr'>from</span> <span class='ocrx_word' id='word_1_290' title='bbox 1170 2269 1230 2308; x_wconf 70' lang='lat' dir='ltr'>Lg.</span> <span class='ocrx_word' id='word_1_291' title='bbox 1248 2270 1289 2298; x_wconf 71' lang='lat'>42</span> <span class='ocrx_word' id='word_1_292' title='bbox 1306 2279 1335 2308; x_wconf 89' lang='lat' dir='ltr'>p.</span> <span class='ocrx_word' id='word_1_293' title='bbox 1352 2278 1395 2297; x_wconf 75' lang='lat' dir='ltr'>in.</span> <span class='ocrx_word' id='word_1_294' title='bbox 1438 2267 1466 2296; x_wconf 69' lang='lat' dir='ltr'>Y</span> <span class='ocrx_word' id='word_1_295' title='bbox 1484 2267 1541 2296; x_wconf 80' lang='lat' dir='ltr'>has</span> <span class='ocrx_word' id='word_1_296' title='bbox 1559 2273 1566 2282; x_wconf 84' lang='grc'><em>“</em></span> <span class='ocrx_word' id='word_1_297' title='bbox 1579 2267 1662 2296; x_wconf 58' lang='lat' dir='ltr'>iste)</span> 
     </span>
     <span class='ocr_line' id='line_1_33' title="bbox 985 2310 1720 2352; baseline -0.005 -9"><span class='ocrx_word' id='word_1_298' title='bbox 985 2315 1037 2343; x_wconf 76' lang='lat'>52.</span> <span class='ocrx_word' id='word_1_299' title='bbox 1066 2311 1277 2352; x_wconf 56' lang='lat' dir='ltr'>(‘&#39;e›phal0edi]</span> <span class='ocrx_word' id='word_1_300' title='bbox 1326 2310 1576 2350; x_wconf 60' lang='lat' dir='ltr'>Cephalmwl&#39;nnn</span> <span class='ocrx_word' id='word_1_301' title='bbox 1603 2314 1720 2349; x_wconf 68' lang='grc' dir='ltr'>(Κεφα-</span> 
     </span>
     <span class='ocr_line' id='line_1_34' title="bbox 941 2353 1721 2394; baseline -0.005 -8"><span class='ocrx_word' id='word_1_302' title='bbox 941 2356 1074 2394; x_wconf 79' lang='grc' dir='ltr'>λοίδιον)</span> <span class='ocrx_word' id='word_1_303' title='bbox 1093 2366 1157 2385; x_wconf 78' lang='lat' dir='ltr'>was</span> <span class='ocrx_word' id='word_1_304' title='bbox 1173 2366 1191 2385; x_wconf 80' lang='lat' dir='ltr'>u</span> <span class='ocrx_word' id='word_1_305' title='bbox 1210 2354 1301 2384; x_wconf 80' lang='lat' dir='ltr'>small</span> <span class='ocrx_word' id='word_1_306' title='bbox 1326 2354 1426 2394; x_wconf 81' lang='lat' dir='ltr'>place,</span> <span class='ocrx_word' id='word_1_307' title='bbox 1444 2353 1524 2383; x_wconf 87' lang='lat' dir='ltr'>with</span> <span class='ocrx_word' id='word_1_308' title='bbox 1542 2363 1558 2382; x_wconf 89' lang='lat' dir='ltr'>a</span> <span class='ocrx_word' id='word_1_309' title='bbox 1576 2357 1661 2392; x_wconf 73' lang='lat' dir='ltr'>port,</span> <span class='ocrx_word' id='word_1_310' title='bbox 1679 2363 1721 2382; x_wconf 81' lang='lat' dir='ltr'>on</span> 
     </span>
     <span class='ocr_line' id='line_1_35' title="bbox 940 2396 1720 2437; baseline -0.005 -8"><span class='ocrx_word' id='word_1_311' title='bbox 940 2399 996 2429; x_wconf 71' lang='lat' dir='ltr'>the</span> <span class='ocrx_word' id='word_1_312' title='bbox 1014 2398 1111 2429; x_wconf 82' lang='lat' dir='ltr'>north</span> <span class='ocrx_word' id='word_1_313' title='bbox 1129 2401 1217 2428; x_wconf 74' lang='lat' dir='ltr'>coust</span> <span class='ocrx_word' id='word_1_314' title='bbox 1233 2398 1269 2427; x_wconf 76' lang='lat' dir='ltr'>of</span> <span class='ocrx_word' id='word_1_315' title='bbox 1281 2398 1390 2437; x_wconf 65' lang='lat' dir='ltr'>Sicily,</span> <span class='ocrx_word' id='word_1_316' title='bbox 1409 2400 1475 2427; x_wconf 80' lang='lat' dir='ltr'>east</span> <span class='ocrx_word' id='word_1_317' title='bbox 1494 2397 1530 2426; x_wconf 81' lang='lat' dir='ltr'>of</span> <span class='ocrx_word' id='word_1_318' title='bbox 1551 2396 1720 2426; x_wconf 78' lang='lat' dir='ltr'>Thermae.</span> 
     </span>
    </p>
   </div>
   <div class='ocr_carea' id='block_1_4' title="bbox 115 2227 896 2441">
    <p class='ocr_par' dir='ltr' id='par_1_5' title="bbox 116 2227 895 2313">
     <span class='ocr_line' id='line_1_36' title="bbox 116 2227 895 2270; baseline -0.004 -10"><span class='ocrx_word' id='word_1_319' title='bbox 116 2229 174 2260; x_wconf 76' lang='lat' dir='ltr'>the</span> <span class='ocrx_word' id='word_1_320' title='bbox 187 2230 334 2260; x_wconf 84' lang='lat' dir='ltr'>Sieilians</span> <span class='ocrx_word' id='word_1_321' title='bbox 350 2232 408 2270; x_wconf 77' lang='lat' dir='ltr'>got</span> <span class='ocrx_word' id='word_1_322' title='bbox 424 2229 480 2260; x_wconf 86' lang='lat' dir='ltr'>the</span> <span class='ocrx_word' id='word_1_323' title='bbox 497 2229 661 2260; x_wconf 74' lang='lat' dir='ltr'>Latinitas</span> <span class='ocrx_word' id='word_1_324' title='bbox 676 2239 712 2259; x_wconf 82' lang='lat' dir='ltr'>or</span> <span class='ocrx_word' id='word_1_325' title='bbox 724 2228 785 2258; x_wconf 74' lang='lat' dir='ltr'>Jns</span> <span class='ocrx_word' id='word_1_326' title='bbox 797 2227 895 2264; x_wconf 89' lang='lat' dir='ltr'>Latii,</span> 
     </span>
     <span class='ocr_line' id='line_1_37' title="bbox 116 2273 625 2313; baseline -0.002 -10"><span class='ocrx_word' id='word_1_327' title='bbox 116 2273 149 2303; x_wconf 79' lang='lat' dir='ltr'>in</span> <span class='ocrx_word' id='word_1_328' title='bbox 168 2282 232 2303; x_wconf 63' lang='grc' dir='ltr'>Μ.</span> <span class='ocrx_word' id='word_1_329' title='bbox 249 2276 292 2303; x_wconf 64' lang='grc'>44.</span> <span class='ocrx_word' id='word_1_330' title='bbox 309 2274 373 2313; x_wconf 78' lang='lat' dir='ltr'>(Ad</span> <span class='ocrx_word' id='word_1_331' title='bbox 389 2275 461 2303; x_wconf 60' lang='grc' dir='ltr'>Λα.</span> <span class='ocrx_word' id='word_1_332' title='bbox 479 2274 541 2303; x_wconf 82' lang='lat' dir='ltr'>xiv.</span> <span class='ocrx_word' id='word_1_333' title='bbox 559 2274 625 2311; x_wconf 76' lang='lat'>12).</span> 
     </span>
    </p>

    <p class='ocr_par' dir='ltr' id='par_1_6' title="bbox 115 2314 896 2441">
     <span class='ocr_line' id='line_1_38' title="bbox 160 2314 896 2356; baseline -0.004 -10"><span class='ocrx_word' id='word_1_334' title='bbox 160 2316 228 2347; x_wconf 82' lang='lat' dir='ltr'>The</span> <span class='ocrx_word' id='word_1_335' title='bbox 245 2317 333 2347; x_wconf 86' lang='lat' dir='ltr'>word</span> <span class='ocrx_word' id='word_1_336' title='bbox 357 2321 364 2333; x_wconf 87' lang='lat'>‘</span> <span class='ocrx_word' id='word_1_337' title='bbox 376 2327 488 2356; x_wconf 83' lang='lat' dir='ltr'>capere</span> <span class='ocrx_word' id='word_1_338' title='bbox 501 2316 507 2327; x_wconf 93' lang='lat'>’</span> <span class='ocrx_word' id='word_1_339' title='bbox 525 2316 550 2345; x_wconf 85' lang='lat' dir='ltr'>is</span> <span class='ocrx_word' id='word_1_340' title='bbox 566 2326 584 2345; x_wconf 85' lang='lat' dir='ltr'>a</span> <span class='ocrx_word' id='word_1_341' title='bbox 603 2315 699 2345; x_wconf 83' lang='lat' dir='ltr'>Latin</span> <span class='ocrx_word' id='word_1_342' title='bbox 715 2314 896 2354; x_wconf 73' lang='lat' dir='ltr'>expression</span> 
     </span>
     <span class='ocr_line' id='line_1_39' title="bbox 117 2357 895 2399; baseline -0.003 -10"><span class='ocrx_word' id='word_1_343' title='bbox 117 2359 244 2399; x_wconf 79' lang='lat' dir='ltr'>applied</span> <span class='ocrx_word' id='word_1_344' title='bbox 267 2362 302 2390; x_wconf 85' lang='lat' dir='ltr'>to</span> <span class='ocrx_word' id='word_1_345' title='bbox 323 2359 380 2389; x_wconf 84' lang='lat' dir='ltr'>the</span> <span class='ocrx_word' id='word_1_346' title='bbox 401 2359 537 2389; x_wconf 79' lang='lat' dir='ltr'>election</span> <span class='ocrx_word' id='word_1_347' title='bbox 559 2359 595 2388; x_wconf 82' lang='lat' dir='ltr'>of</span> <span class='ocrx_word' id='word_1_348' title='bbox 615 2358 671 2388; x_wconf 88' lang='lat' dir='ltr'>the</span> <span class='ocrx_word' id='word_1_349' title='bbox 690 2357 815 2387; x_wconf 73' lang='lat' dir='ltr'>Vestals</span> <span class='ocrx_word' id='word_1_350' title='bbox 832 2357 895 2387; x_wconf 87' lang='lat' dir='ltr'>and</span> 
     </span>
     <span class='ocr_line' id='line_1_40' title="bbox 115 2400 896 2441; baseline -0.004 -9"><span class='ocrx_word' id='word_1_351' title='bbox 115 2402 280 2432; x_wconf 71' lang='lat' dir='ltr'>ministcrs</span> <span class='ocrx_word' id='word_1_352' title='bbox 295 2403 332 2432; x_wconf 89' lang='lat' dir='ltr'>of</span> <span class='ocrx_word' id='word_1_353' title='bbox 346 2402 492 2441; x_wconf 77' lang='lat' dir='ltr'>religion.</span> <span class='ocrx_word' id='word_1_354' title='bbox 539 2403 597 2431; x_wconf 73' lang='lat' dir='ltr'>See</span> <span class='ocrx_word' id='word_1_355' title='bbox 614 2400 745 2435; x_wconf 73' lang='lat' dir='ltr'>Gellius,</span> <span class='ocrx_word' id='word_1_356' title='bbox 763 2400 782 2429; x_wconf 91' lang='lat' dir='ltr'>i.</span> <span class='ocrx_word' id='word_1_357' title='bbox 805 2401 896 2430; x_wconf 79' lang='lat'>12.—</span> 
     </span>
    </p>
   </div>
   <div class='ocr_carea' id='block_1_5' title="bbox 112 2443 894 2910">
    <p class='ocr_par' dir='ltr' id='par_1_7' title="bbox 113 2443 894 2698">
     <span class='ocr_line' id='line_1_41' title="bbox 116 2443 894 2484; baseline -0.004 -9"><span class='ocrx_word' id='word_1_358' title='bbox 116 2448 125 2462; x_wconf 91' lang='lat'><em>‘</em></span> <span class='ocrx_word' id='word_1_359' title='bbox 136 2445 206 2484; x_wconf 80' lang='lat' dir='ltr'>capi</span> <span class='ocrx_word' id='word_1_360' title='bbox 217 2445 355 2484; x_wconf 77' lang='lat' dir='ltr'>jubebat</span> <span class='ocrx_word' id='word_1_361' title='bbox 367 2445 374 2456; x_wconf 90' lang='lat'>’</span> <span class='ocrx_word' id='word_1_362' title='bbox 397 2456 461 2474; x_wconf 79' lang='lat' dir='ltr'>was</span> <span class='ocrx_word' id='word_1_363' title='bbox 477 2444 533 2474; x_wconf 83' lang='lat' dir='ltr'>the</span> <span class='ocrx_word' id='word_1_364' title='bbox 557 2444 692 2482; x_wconf 65' lang='lat' dir='ltr'>reading</span> <span class='ocrx_word' id='word_1_365' title='bbox 707 2443 743 2472; x_wconf 85' lang='lat' dir='ltr'>of</span> <span class='ocrx_word' id='word_1_366' title='bbox 761 2444 894 2478; x_wconf 74' lang='lat' dir='ltr'>Gruter,</span> 
     </span>
     <span class='ocr_line' id='line_1_42' title="bbox 116 2486 894 2527; baseline -0.001 -10"><span class='ocrx_word' id='word_1_367' title='bbox 116 2488 221 2517; x_wconf 83' lang='lat' dir='ltr'>which</span> <span class='ocrx_word' id='word_1_368' title='bbox 249 2488 361 2527; x_wconf 76' lang='lat' dir='ltr'>passed</span> <span class='ocrx_word' id='word_1_369' title='bbox 387 2487 456 2517; x_wconf 88' lang='lat' dir='ltr'>into</span> <span class='ocrx_word' id='word_1_370' title='bbox 480 2487 575 2517; x_wconf 83' lang='lat' dir='ltr'>other</span> <span class='ocrx_word' id='word_1_371' title='bbox 602 2487 760 2521; x_wconf 72' lang='lat' dir='ltr'>editions;</span> <span class='ocrx_word' id='word_1_372' title='bbox 784 2486 843 2515; x_wconf 80' lang='lat' dir='ltr'>hut</span> <span class='ocrx_word' id='word_1_373' title='bbox 868 2486 894 2516; x_wconf 81' lang='lat' dir='ltr'>it</span> 
     </span>
     <span class='ocr_line' id='line_1_43' title="bbox 114 2529 894 2569; baseline -0.003 -9"><span class='ocrx_word' id='word_1_374' title='bbox 114 2541 189 2565; x_wconf 72' lang='lat' dir='ltr'>was,</span> <span class='ocrx_word' id='word_1_375' title='bbox 206 2531 381 2569; x_wconf 73' lang='lat' dir='ltr'>according</span> <span class='ocrx_word' id='word_1_376' title='bbox 404 2533 438 2560; x_wconf 79' lang='lat' dir='ltr'>to</span> <span class='ocrx_word' id='word_1_377' title='bbox 459 2530 589 2569; x_wconf 74' lang='lat' dir='ltr'>Zumpt,</span> <span class='ocrx_word' id='word_1_378' title='bbox 606 2540 623 2559; x_wconf 83' lang='lat' dir='ltr'>a</span> <span class='ocrx_word' id='word_1_379' title='bbox 648 2529 894 2568; x_wconf 67' lang='lat' dir='ltr'>typographieal</span> 
     </span>
     <span class='ocr_line' id='line_1_44' title="bbox 113 2572 893 2611; baseline -0.003 -8"><span class='ocrx_word' id='word_1_380' title='bbox 113 2584 214 2603; x_wconf 86' lang='lat' dir='ltr'>error.</span> <span class='ocrx_word' id='word_1_381' title='bbox 263 2573 391 2603; x_wconf 75' lang='lat' dir='ltr'>Ernesti</span> <span class='ocrx_word' id='word_1_382' title='bbox 423 2572 567 2602; x_wconf 68' lang='lat' dir='ltr'>restored</span> <span class='ocrx_word' id='word_1_383' title='bbox 600 2572 752 2611; x_wconf 77' lang='lat' dir='ltr'>‘jubeat.’</span> <span class='ocrx_word' id='word_1_384' title='bbox 801 2572 893 2601; x_wconf 71' lang='lat' dir='ltr'>com-</span> 
     </span>
     <span class='ocr_line' id='line_1_45' title="bbox 113 2615 893 2656; baseline -0.001 -10"><span class='ocrx_word' id='word_1_385' title='bbox 113 2626 191 2656; x_wconf 81' lang='lat' dir='ltr'>pare</span> <span class='ocrx_word' id='word_1_386' title='bbox 217 2616 404 2655; x_wconf 79' lang='lat' dir='ltr'>‘oporteat&#39;</span> <span class='ocrx_word' id='word_1_387' title='bbox 430 2619 465 2645; x_wconf 86' lang='lat' dir='ltr'>at</span> <span class='ocrx_word' id='word_1_388' title='bbox 492 2615 548 2645; x_wconf 84' lang='lat' dir='ltr'>the</span> <span class='ocrx_word' id='word_1_389' title='bbox 576 2615 754 2655; x_wconf 79' lang='lat' dir='ltr'>beginning</span> <span class='ocrx_word' id='word_1_390' title='bbox 778 2615 815 2644; x_wconf 76' lang='lat' dir='ltr'>of</span> <span class='ocrx_word' id='word_1_391' title='bbox 837 2615 893 2645; x_wconf 84' lang='lat' dir='ltr'>the</span> 
     </span>
     <span class='ocr_line' id='line_1_46' title="bbox 113 2659 353 2698; baseline -0.004 -9"><span class='ocrx_word' id='word_1_392' title='bbox 113 2661 191 2689; x_wconf 83' lang='lat' dir='ltr'>next</span> <span class='ocrx_word' id='word_1_393' title='bbox 208 2659 353 2698; x_wconf 76' lang='lat' dir='ltr'>chapter.</span> 
     </span>
    </p>

    <p class='ocr_par' dir='ltr' id='par_1_8' title="bbox 113 2700 893 2827">
     <span class='ocr_line' id='line_1_47' title="bbox 154 2700 893 2742; baseline 0 -11"><span class='ocrx_word' id='word_1_394' title='bbox 154 2713 219 2741; x_wconf 77' lang='lat' dir='ltr'>pro</span> <span class='ocrx_word' id='word_1_395' title='bbox 235 2700 414 2742; x_wconf 66' lang='lat' dir='ltr'>suff&#39;rayio]</span> <span class='ocrx_word' id='word_1_396' title='bbox 462 2701 540 2730; x_wconf 74' lang='lat' dir='ltr'>This</span> <span class='ocrx_word' id='word_1_397' title='bbox 555 2711 665 2730; x_wconf 80' lang='lat' dir='ltr'>means</span> <span class='ocrx_word' id='word_1_398' title='bbox 682 2705 689 2717; x_wconf 89' lang='lat'>‘</span> <span class='ocrx_word' id='word_1_399' title='bbox 701 2701 733 2730; x_wconf 86' lang='lat' dir='ltr'>in</span> <span class='ocrx_word' id='word_1_400' title='bbox 750 2700 807 2731; x_wconf 85' lang='lat' dir='ltr'>the</span> <span class='ocrx_word' id='word_1_401' title='bbox 823 2702 893 2731; x_wconf 77' lang='lat' dir='ltr'>vot-</span> 
     </span>
     <span class='ocr_line' id='line_1_48' title="bbox 114 2743 890 2784; baseline -0.003 -9"><span class='ocrx_word' id='word_1_402' title='bbox 114 2745 193 2784; x_wconf 76' lang='lat' dir='ltr'>ing‚’</span> <span class='ocrx_word' id='word_1_403' title='bbox 210 2755 243 2774; x_wconf 73' lang='lat' dir='ltr'>as</span> <span class='ocrx_word' id='word_1_404' title='bbox 261 2745 379 2783; x_wconf 80' lang='lat' dir='ltr'>Zumpt</span> <span class='ocrx_word' id='word_1_405' title='bbox 396 2744 562 2779; x_wconf 70' lang='lat' dir='ltr'>observes-3</span> <span class='ocrx_word' id='word_1_406' title='bbox 586 2743 650 2773; x_wconf 84' lang='lat' dir='ltr'>and</span> <span class='ocrx_word' id='word_1_407' title='bbox 669 2743 695 2774; x_wconf 80' lang='lat' dir='ltr'>it</span> <span class='ocrx_word' id='word_1_408' title='bbox 712 2743 737 2773; x_wconf 77' lang='lat' dir='ltr'>is</span> <span class='ocrx_word' id='word_1_409' title='bbox 753 2743 817 2774; x_wconf 85' lang='lat' dir='ltr'>like</span> <span class='ocrx_word' id='word_1_410' title='bbox 834 2743 890 2774; x_wconf 80' lang='lat' dir='ltr'>the</span> 
     </span>
     <span class='ocr_line' id='line_1_49' title="bbox 113 2787 612 2827; baseline -0.006 -9"><span class='ocrx_word' id='word_1_411' title='bbox 113 2787 294 2827; x_wconf 75' lang='lat' dir='ltr'>expression</span> <span class='ocrx_word' id='word_1_412' title='bbox 312 2792 319 2803; x_wconf 87' lang='lat'>‘</span> <span class='ocrx_word' id='word_1_413' title='bbox 332 2797 389 2826; x_wconf 86' lang='lat' dir='ltr'>pro</span> <span class='ocrx_word' id='word_1_414' title='bbox 404 2787 612 2817; x_wconf 62' lang='lat' dir='ltr'>testimonio?</span> 
     </span>
    </p>

    <p class='ocr_par' dir='ltr' id='par_1_9' title="bbox 112 2829 890 2910">
     <span class='ocr_line' id='line_1_50' title="bbox 152 2829 889 2870; baseline -0.001 -10"><span class='ocrx_word' id='word_1_415' title='bbox 152 2841 217 2870; x_wconf 76' lang='lat' dir='ltr'>per</span> <span class='ocrx_word' id='word_1_416' title='bbox 246 2830 418 2870; x_wconf 62' lang='lat' dir='ltr'>religiones</span> <span class='ocrx_word' id='word_1_417' title='bbox 445 2829 518 2870; x_wconf 57' lang='lat' dir='ltr'>Se]</span> <span class='ocrx_word' id='word_1_418' title='bbox 566 2829 651 2859; x_wconf 85' lang='lat' dir='ltr'>‘Per</span> <span class='ocrx_word' id='word_1_419' title='bbox 680 2829 889 2869; x_wconf 70' lang='lat' dir='ltr'>religionem&#39;</span> 
     </span>
     <span class='ocr_line' id='line_1_51' title="bbox 112 2872 890 2910; baseline -0.003 -6"><span class='ocrx_word' id='word_1_420' title='bbox 112 2873 220 2904; x_wconf 82' lang='lat' dir='ltr'>would</span> <span class='ocrx_word' id='word_1_421' title='bbox 242 2873 281 2904; x_wconf 87' lang='lat' dir='ltr'>be</span> <span class='ocrx_word' id='word_1_422' title='bbox 304 2873 361 2904; x_wconf 79' lang='lat' dir='ltr'>the</span> <span class='ocrx_word' id='word_1_423' title='bbox 380 2872 472 2903; x_wconf 74' lang='lat' dir='ltr'>usual</span> <span class='ocrx_word' id='word_1_424' title='bbox 487 2872 581 2910; x_wconf 79' lang='lat' dir='ltr'>form,</span> <span class='ocrx_word' id='word_1_425' title='bbox 597 2872 703 2903; x_wconf 85' lang='lat' dir='ltr'>which</span> <span class='ocrx_word' id='word_1_426' title='bbox 719 2872 809 2903; x_wconf 78' lang='lat' dir='ltr'>Man.</span> <span class='ocrx_word' id='word_1_427' title='bbox 825 2872 890 2902; x_wconf 76' lang='lat' dir='ltr'>and</span> 
     </span>
    </p>
   </div>
   <div class='ocr_carea' id='block_1_6' title="bbox 934 2439 1722 2860">
    <p class='ocr_par' dir='ltr' id='par_1_10' title="bbox 943 2439 1422 2472">
     <span class='ocr_line' id='line_1_52' title="bbox 943 2439 1422 2472; baseline -0.006 0"><span class='ocrx_word' id='word_1_428' title='bbox 943 2442 974 2472; x_wconf 86' lang='lat' dir='ltr'>lt</span> <span class='ocrx_word' id='word_1_429' title='bbox 992 2442 1016 2472; x_wconf 71' lang='lat' dir='ltr'>is</span> <span class='ocrx_word' id='word_1_430' title='bbox 1033 2452 1103 2472; x_wconf 81' lang='lat' dir='ltr'>now</span> <span class='ocrx_word' id='word_1_431' title='bbox 1121 2440 1233 2471; x_wconf 71' lang='lat' dir='ltr'>Cet&#39;nlh</span> <span class='ocrx_word' id='word_1_432' title='bbox 1249 2451 1286 2470; x_wconf 78' lang='lat' dir='ltr'>or</span> <span class='ocrx_word' id='word_1_433' title='bbox 1302 2439 1422 2471; x_wconf 68' lang='lat' dir='ltr'>Uesulo.</span> 
     </span>
    </p>

    <p class='ocr_par' dir='ltr' id='par_1_11' title="bbox 934 2481 1722 2860">
     <span class='ocr_line' id='line_1_53' title="bbox 988 2481 1719 2526; baseline -0.007 -10"><span class='ocrx_word' id='word_1_434' title='bbox 988 2486 1006 2516; x_wconf 72' lang='lat'><em>1</em></span> <span class='ocrx_word' id='word_1_435' title='bbox 1010 2486 1088 2515; x_wconf 77' lang='lat' dir='ltr'>&#39;oren</span> <span class='ocrx_word' id='word_1_436' title='bbox 1094 2486 1182 2514; x_wconf 78' lang='lat' dir='ltr'>mata</span> <span class='ocrx_word' id='word_1_437' title='bbox 1190 2484 1263 2526; x_wconf 47' lang='lat' dir='ltr'>sm]</span> <span class='ocrx_word' id='word_1_438' title='bbox 1277 2490 1284 2500; x_wconf 78' lang='lat'>¹</span> <span class='ocrx_word' id='word_1_439' title='bbox 1292 2483 1487 2513; x_wconf 81' lang='lat' dir='ltr'>Toreumata</span> <span class='ocrx_word' id='word_1_440' title='bbox 1496 2482 1504 2494; x_wconf 88' lang='lat'><em>&#39;</em></span> <span class='ocrx_word' id='word_1_441' title='bbox 1518 2482 1543 2511; x_wconf 78' lang='lat' dir='ltr'>is</span> <span class='ocrx_word' id='word_1_442' title='bbox 1549 2481 1719 2521; x_wconf 77' lang='lat' dir='ltr'>explained</span> 
     </span>
     <span class='ocr_line' id='line_1_54' title="bbox 938 2525 1718 2569; baseline -0.005 -12"><span class='ocrx_word' id='word_1_443' title='bbox 938 2528 980 2569; x_wconf 70' lang='lat' dir='ltr'>by</span> <span class='ocrx_word' id='word_1_444' title='bbox 1010 2528 1188 2558; x_wconf 76' lang='lat' dir='ltr'>‘caelatum</span> <span class='ocrx_word' id='word_1_445' title='bbox 1213 2526 1411 2566; x_wconf 49' lang='lat' dir='ltr'>argentum)</span> <span class='ocrx_word' id='word_1_446' title='bbox 1437 2525 1551 2555; x_wconf 67' lang='lat' dir='ltr'>‘silvei-</span> <span class='ocrx_word' id='word_1_447' title='bbox 1568 2525 1684 2554; x_wconf 73' lang='lat' dir='ltr'>chased</span> <span class='ocrx_word' id='word_1_448' title='bbox 1700 2525 1718 2559; x_wconf 85' lang='lat'>;¹</span> 
     </span>
     <span class='ocr_line' id='line_1_55' title="bbox 938 2569 1718 2611; baseline -0.006 -10"><span class='ocrx_word' id='word_1_449' title='bbox 938 2571 1065 2611; x_wconf 74' lang='lat' dir='ltr'>though</span> <span class='ocrx_word' id='word_1_450' title='bbox 1097 2571 1153 2601; x_wconf 82' lang='lat' dir='ltr'>the</span> <span class='ocrx_word' id='word_1_451' title='bbox 1178 2570 1320 2600; x_wconf 83' lang='lat' dir='ltr'>toreutie</span> <span class='ocrx_word' id='word_1_452' title='bbox 1348 2573 1397 2599; x_wconf 85' lang='lat' dir='ltr'>art</span> <span class='ocrx_word' id='word_1_453' title='bbox 1433 2569 1630 2609; x_wconf 82' lang='grc' dir='ltr'>(τορευτικη)</span> <span class='ocrx_word' id='word_1_454' title='bbox 1663 2578 1718 2607; x_wconf 83' lang='lat' dir='ltr'>ap-</span> 
     </span>
     <span class='ocr_line' id='line_1_56' title="bbox 938 2610 1716 2654; baseline -0.004 -12"><span class='ocrx_word' id='word_1_455' title='bbox 938 2625 1030 2654; x_wconf 70' lang='lat' dir='ltr'>pears</span> <span class='ocrx_word' id='word_1_456' title='bbox 1061 2618 1096 2644; x_wconf 84' lang='lat' dir='ltr'>to</span> <span class='ocrx_word' id='word_1_457' title='bbox 1121 2614 1202 2643; x_wconf 77' lang='lat' dir='ltr'>have</span> <span class='ocrx_word' id='word_1_458' title='bbox 1227 2611 1485 2652; x_wconf 61' lang='lat' dir='ltr'>eoin}»rehended</span> <span class='ocrx_word' id='word_1_459' title='bbox 1516 2621 1604 2640; x_wconf 80' lang='lat' dir='ltr'>more</span> <span class='ocrx_word' id='word_1_460' title='bbox 1636 2610 1716 2640; x_wconf 82' lang='lat' dir='ltr'>than</span> 
     </span>
     <span class='ocr_line' id='line_1_57' title="bbox 939 2654 1722 2697; baseline -0.008 -9"><span class='ocrx_word' id='word_1_461' title='bbox 939 2657 1071 2697; x_wconf 76' lang='lat' dir='ltr'>cutting</span> <span class='ocrx_word' id='word_1_462' title='bbox 1097 2657 1161 2687; x_wconf 82' lang='lat' dir='ltr'>and</span> <span class='ocrx_word' id='word_1_463' title='bbox 1185 2655 1416 2693; x_wconf 64' lang='grc' dir='ltr'>υιΊιειιιιυιιὶίιη,ν</span> <span class='ocrx_word' id='word_1_464' title='bbox 1447 2654 1504 2684; x_wconf 84' lang='lat' dir='ltr'>the</span> <span class='ocrx_word' id='word_1_465' title='bbox 1528 2654 1654 2683; x_wconf 76' lang='lat' dir='ltr'>snrfaee</span> <span class='ocrx_word' id='word_1_466' title='bbox 1684 2654 1722 2682; x_wconf 67' lang='lat' dir='ltr'>ot*</span> 
     </span>
     <span class='ocr_line' id='line_1_58' title="bbox 937 2697 1716 2731; baseline -0.006 -1"><span class='ocrx_word' id='word_1_467' title='bbox 937 2701 1043 2730; x_wconf 80' lang='lat' dir='ltr'>silver.</span> <span class='ocrx_word' id='word_1_468' title='bbox 1089 2702 1148 2730; x_wconf 75' lang='lat' dir='ltr'>See</span> <span class='ocrx_word' id='word_1_469' title='bbox 1178 2699 1248 2729; x_wconf 84' lang='lat' dir='ltr'>Lib.</span> <span class='ocrx_word' id='word_1_470' title='bbox 1281 2701 1310 2728; x_wconf 61' lang='lat'>4.</span> <span class='ocrx_word' id='word_1_471' title='bbox 1362 2697 1608 2731; x_wconf 50' lang='lat' dir='ltr'>niusa-untur:</span> <span class='ocrx_word' id='word_1_472' title='bbox 1642 2704 1716 2725; x_wconf 75' lang='lat' dir='ltr'>‘are</span> 
     </span>
     <span class='ocr_line' id='line_1_59' title="bbox 935 2739 1715 2779; baseline -0.008 -5"><span class='ocrx_word' id='word_1_473' title='bbox 935 2743 1061 2774; x_wconf 72' lang='lat' dir='ltr'>carried</span> <span class='ocrx_word' id='word_1_474' title='bbox 1077 2743 1141 2777; x_wconf 55' lang='lat' dir='ltr'>on?</span> <span class='ocrx_word' id='word_1_475' title='bbox 1159 2743 1184 2772; x_wconf 76' lang='lat' dir='ltr'>is</span> <span class='ocrx_word' id='word_1_476' title='bbox 1200 2752 1240 2772; x_wconf 85' lang='lat' dir='ltr'>an</span> <span class='ocrx_word' id='word_1_477' title='bbox 1258 2741 1418 2771; x_wconf 75' lang='lat' dir='ltr'>invidions</span> <span class='ocrx_word' id='word_1_478' title='bbox 1435 2740 1528 2769; x_wconf 74' lang='lat' dir='ltr'>mode</span> <span class='ocrx_word' id='word_1_479' title='bbox 1544 2740 1581 2769; x_wconf 80' lang='lat' dir='ltr'>os</span> <span class='ocrx_word' id='word_1_480' title='bbox 1599 2739 1715 2779; x_wconf 60' lang='lat' dir='ltr'>saying</span> 
     </span>
     <span class='ocr_line' id='line_1_60' title="bbox 934 2782 1713 2825; baseline -0.008 -8"><span class='ocrx_word' id='word_1_481' title='bbox 934 2787 1010 2817; x_wconf 82' lang='lat' dir='ltr'>that</span> <span class='ocrx_word' id='word_1_482' title='bbox 1039 2786 1155 2816; x_wconf 75' lang='lat' dir='ltr'>Verres</span> <span class='ocrx_word' id='word_1_483' title='bbox 1179 2795 1243 2815; x_wconf 84' lang='lat' dir='ltr'>was</span> <span class='ocrx_word' id='word_1_484' title='bbox 1267 2785 1343 2825; x_wconf 84' lang='lat' dir='ltr'>paid</span> <span class='ocrx_word' id='word_1_485' title='bbox 1366 2784 1416 2814; x_wconf 79' lang='lat' dir='ltr'>t&#39;or</span> <span class='ocrx_word' id='word_1_486' title='bbox 1446 2783 1496 2813; x_wconf 84' lang='lat' dir='ltr'>his</span> <span class='ocrx_word' id='word_1_487' title='bbox 1520 2782 1656 2812; x_wconf 78' lang='lat' dir='ltr'>services</span> <span class='ocrx_word' id='word_1_488' title='bbox 1680 2782 1713 2811; x_wconf 90' lang='lat' dir='ltr'>in</span> 
     </span>
     <span class='ocr_line' id='line_1_61' title="bbox 934 2830 1150 2860; baseline -0.009 0"><span class='ocrx_word' id='word_1_489' title='bbox 934 2830 1001 2860; x_wconf 77' lang='lat' dir='ltr'>this</span> <span class='ocrx_word' id='word_1_490' title='bbox 1016 2832 1150 2860; x_wconf 75' lang='lat' dir='ltr'>matter.</span> 
     </span>
    </p>
   </div>
  </div>
 </body>
</html>
