1849 3167
204 121 288 163 550
791 120 862 164 IN
893 120 938 163 O.
970 120 1228 163 VERREM

204 239 356 291 posset.
417 234 474 276 In
504 250 601 277 eum
630 238 773 277 autem
803 235 943 290 ipsum
973 235 1113 277 locum
1143 233 1284 277 aditus
1313 240 1404 277 erat
1433 236 1609 288 nemini,
1630 236 1715 279 nisi
1735 235 1810 293 qui

205 306 279 343 aut
300 300 434 342 socius
455 306 529 342 aut
548 300 744 343 minister
774 301 966 343 libidinis
987 317 1074 343 esse
1094 308 1246 356 posset.
1308 301 1406 342 Huc
1437 318 1580 344 omnes
1610 303 1810 344 mulieres

204 367 457 422 quibuscum
488 367 568 408 iste
608 372 829 408 consuerat
870 367 1191 416 conveniebant,
1235 382 1417 422 quarum
1456 367 1705 410 incredibile
1746 373 1808 409 est

205 438 366 488 quanta
385 432 616 474 multitudo
638 431 766 473 fuerit
787 432 1007 487 Syracusis
1027 448 1035 473 :
1067 432 1151 473 huc
1172 432 1365 474 homines
1395 433 1521 489 digni
1550 433 1672 475 istius
1703 433 1809 475 ami-

204 498 318 548 citia,
341 498 464 554 digni
483 498 573 540 vita
593 498 668 539 illa
689 498 978 553 conviviisque
1008 497 1248 540 veniebant.
1310 497 1432 539 Inter
1461 498 1668 554 ejusmodi
1696 499 1809 540 viros

204 579 253 606 ac
273 563 471 605 mulieres
492 563 638 604 adulta
659 568 796 605 aetate
817 563 930 604 filius
950 563 1210 613 versabatur,
1234 568 1282 604 ut
1313 579 1422 614 eum,
1457 563 1624 605 etiamsi
1655 569 1809 605 natura

203 645 228 671 a
257 630 446 684 parentis
477 629 757 670 similitudine
787 629 1012 684 abriperet,
1045 629 1302 670 consuetudo
1332 633 1477 670 tamen
1507 645 1555 671 ac
1585 629 1810 685 disciplina

201 696 337 751 patris
358 695 540 736 similem
572 710 660 736 esse
693 700 874 748 cogeret.
938 695 1038 736 Huc
1069 695 1213 736 Tertia
1235 694 1310 736 illa
1330 695 1535 749 perducta
1562 710 1638 750 per
1662 695 1810 736 dolum

204 766 330 815 atque
351 760 527 801 insidias
547 761 600 801 ab
613 759 791 801 'Rhodio
812 760 987 802 tibicine
1009 760 1218 801 maximas
1238 760 1283 800 in
1304 760 1427 801 istius
1448 760 1596 801 castris
1626 759 1810 802 effecisse

202 825 360 867 dicitur
380 826 538 874 turbas,
562 841 694 880 quum
714 825 894 881 indigne
914 831 1133 881 pateretur
1152 841 1260 867 uxor
1282 825 1519 867 Cleomenis
1540 825 1807 881 Syracusani,

201 891 356 933 nobilis
376 890 543 942 mulier,
566 890 753 947 itemque
773 907 882 933 uxor
901 891 1190 941 Aeschrionis,
1206 892 1383 933 honesto
1403 891 1494 933 loco
1513 896 1628 942 nata,
1643 891 1689 932 in
1711 906 1808 933 con-

201 962 380 999 ventum
401 972 525 998 suum
554 957 677 998 mimi
707 957 865 999 Isidori
894 957 1028 999 filiam
1057 958 1235 999 venisse.
1297 957 1386 999 Iste
1416 961 1558 998 autem
1588 957 1811 999 Hannibal

202 1023 276 1078 qui
296 1022 343 1063 in
364 1022 449 1064 suis
471 1023 618 1064 castris
638 1023 799 1065 virtute
819 1028 991 1079 putaret
1023 1028 1216 1079 oportere
1247 1038 1335 1064 non
1367 1038 1521 1078 genere
1552 1022 1717 1073 certari,
1751 1023 1810 1064 sic

202 1089 313 1130 hanc
334 1088 525 1130 Tertiam
545 1089 699 1130 dilexit
719 1094 768 1130 ut
792 1105 886 1130 eam
916 1105 1056 1131 secum
1087 1105 1141 1131 ex
1173 1088 1393 1144 provincia
1428 1089 1682 1143 deportaret.
1744 1087 1810 1129 Ac

202 1169 279 1209 per
298 1154 375 1195 hos
396 1154 485 1196 dies
506 1170 640 1210 quum
660 1155 741 1196 iste
762 1170 860 1196 cum
880 1155 1010 1210 pallio
1031 1169 1244 1210 purpureo
1265 1153 1476 1209 talarique
1496 1154 1642 1195 tunica
1669 1169 1808 1195 versa-

203 1224 322 1260 retur
341 1219 388 1260 in
408 1220 615 1262 conviviis
636 1220 928 1270 muliebribus,
962 1235 1049 1261 non
1081 1220 1404 1261 offendebantur
1435 1219 1641 1269 homines,
1673 1234 1810 1275 neque

203 1285 378 1326 moleste
413 1284 606 1326 ferebant
639 1286 781 1327 abesse
817 1302 841 1327 a
876 1286 967 1327 foro
1002 1286 1315 1341 magistratum,
1349 1300 1436 1326 non
1471 1285 1543 1341 jus
1584 1284 1682 1334 dici,
1723 1300 1810 1326 non

197 1350 360 1406 judicia
375 1350 469 1392 fieri
487 1366 495 1391 :
518 1351 658 1392 locum
670 1351 794 1392 illum
805 1351 963 1393 littoris
978 1366 1227 1407 percrepare
1247 1355 1385 1391 totum
1397 1350 1625 1391 mulierum
1637 1350 1810 1391 vocibus

203 1421 415 1471 cantuque
448 1416 738 1471 symphoniae,
775 1417 822 1458 in
854 1417 945 1459 foro
978 1417 1198 1459 silentium
1225 1432 1312 1458 esse
1344 1431 1558 1457 summum
1588 1431 1810 1457 causarum

201 1487 330 1537 atque
357 1482 467 1538 juris
497 1497 583 1523 non
614 1482 808 1534 ferebant
840 1482 1034 1524 homines
1063 1483 1262 1533 moleste3
1309 1497 1394 1523 non
1426 1481 1541 1522 enim
1565 1481 1637 1538 jus
1668 1483 1810 1524 abesse

201 1547 426 1589 Videbatur
447 1563 471 1588 a
492 1547 582 1589 foro
618 1563 755 1603 neque
786 1549 961 1604 judicia,
997 1549 1070 1590 sed
1097 1549 1162 1590 vis
1190 1553 1232 1589 et
1263 1547 1491 1589 crudelitas
1524 1552 1566 1588 et
1600 1548 1809 1589 bonorum

202 1613 352 1654 acerba
372 1618 414 1654 et
434 1613 615 1668 indigna
636 1614 830 1669 direptio.

260 1678 395 1719 XIII.
440 1678 571 1720 Hunc
612 1684 660 1720 tu
695 1679 831 1735 igitur
866 1680 1166 1735 imperatorem
1199 1695 1286 1721 esse
1326 1678 1531 1728 defendis,
1568 1678 1809 1720 Hortensi?

201 1744 329 1799 hujus
359 1744 486 1792 furta,
518 1744 701 1800 rapinas,
734 1746 1024 1801 cupiditatem,
1051 1745 1360 1795 crudelitatem,
1384 1745 1638 1800 superbiam,
1661 1744 1807 1794 scelus,

202 1809 423 1851 audaciam
443 1825 587 1851 rerum
607 1815 823 1866 gestarum
844 1811 1143 1867 magnitudine
1165 1815 1292 1866 atque
1311 1810 1595 1865 imperatoriis
1614 1810 1810 1851 laudibus

202 1879 347 1930 tegere
370 1875 570 1917 conaris?
630 1875 715 1917 Hic
738 1876 899 1918 scilicet
930 1882 993 1918 est
1022 1877 1300 1918 metuendum
1320 1891 1374 1916 ne
1396 1876 1449 1917 ad
1470 1875 1633 1917 exitum
1663 1875 1807 1917 defen-

203 1940 332 1981 sionis
373 1946 470 1982 tuae
502 1945 624 1983 vetus
659 1941 734 1983 illa
765 1941 1014 1984 Antoniana
1055 1942 1225 1984 dicendi
1264 1941 1374 1982 ratio
1414 1945 1541 1996 atque
1580 1941 1810 1984 auctoritas

202 2006 468 2061 proferatur3
500 2022 554 2048 ne
588 2007 798 2049 excitetur
830 2008 999 2058 Verres,
1033 2023 1087 2049 ne
1119 2007 1358 2049 denudetur
1378 2022 1403 2047 a
1422 2011 1602 2062 pectore,
1625 2022 1680 2048 ne
1700 2006 1807 2049 cica-

202 2071 329 2113 trices
368 2072 549 2128 populus
590 2072 809 2115 Romanus
850 2073 1027 2130 aspiciat
1068 2089 1122 2116 ex
1161 2073 1391 2115 mulierum
1434 2088 1579 2114 morsu
1627 2073 1809 2129 vestigia

250 2219 380 2261 Tertia]
429 2220 501 2251 Lib.
519 2222 549 2251 3.
566 2231 593 2251 6.
611 2222 663 2252 34.
1027 2223 1089 2254 lius
1107 2222 1174 2263 (vii.
1192 2222 1247 2263 12)
1264 2223 1400 2253 informs
1415 2233 1472 2253 us:
1498 2226 1519 2240 “
1530 2222 1721 2263 feminisque
1734 2224 1808 2255 solis

248 2263 440 2304 Hannibal]
477 2264 545 2294 The
562 2264 699 2295 allusion
714 2265 751 2301 is,
765 2276 798 2296 as
811 2266 983 2297 Manutius

203 2316 365 2345 supposeS,
382 2308 417 2336 to
433 2307 490 2337 the
506 2308 689 2347 expression
705 2309 742 2339 of
754 2309 932 2346 Hannibal,
949 2321 983 2340 as

204 2358 252 2378 we
268 2348 349 2379 have
365 2349 393 2379 it
408 2349 442 2378 in
455 2349 580 2380 Ennius
598 2350 641 2391 (p.
659 2352 732 2387 100,
750 2352 800 2382 ed.
818 2352 945 2393 Hessel)
960 2365 966 2383 ε

205 2409 226 2423 “
239 2406 379 2456 Hostem
396 2408 450 2447 qui
466 2408 563 2439 feriet
586 2409 667 2439 mihi
690 2410 754 2441 erit
778 2410 986 2452 Carthagini-

292 2460 375 2480 611515

249 2492 402 2533 Quisquis
418 2493 515 2524 erit.''

248 2559 434 2600 talarique]
471 2560 539 2591 The
550 2560 645 2592 MSS.
662 2561 744 2593 have
762 2563 938 2604 ‘parique,’
951 2565 985 2595 in

204 2603 311 2633 which
336 2603 429 2634 there
453 2603 480 2633 is
504 2614 546 2635 no
572 2614 671 2635 sense.
717 2605 785 2636 The
812 2608 885 2638 text
901 2608 927 2638 is
943 2619 985 2639 an

204 2646 413 2677 emendation
430 2647 466 2677 of
477 2647 674 2688 Naugerius,
694 2649 838 2680 founded
861 2661 902 2681 on
925 2651 983 2682 the

205 2690 388 2729 expression
411 2690 444 2720 in
469 2700 495 2720 c.
523 2692 575 2721 33.
621 2691 724 2722 There
745 2692 771 2722 is
794 2694 983 2725 ‘manicatis

206 2734 239 2763 et
255 2733 413 2763 talaribus
430 2733 573 2769 tunicis:
591 2734 631 2764 In
648 2734 720 2765 Cat.
737 2735 769 2765 ii.
788 2746 814 2766 c.
833 2737 884 2767 10.

249 2775 316 2805 The
334 2780 343 2792 ‘
355 2777 488 2815 pallium
499 2777 508 2789 '
525 2787 589 2807 was
605 2787 624 2807 a
640 2777 745 2809 Greek
762 2782 925 2818 garment,
947 2792 983 2811 or

204 2818 318 2848 rather
334 2819 391 2849 the
409 2819 535 2850 Roman
551 2831 645 2851 name
669 2821 720 2852 for
734 2822 772 2852 it.
818 2822 886 2853 The
911 2826 982 2854 ‘tu-

204 2860 279 2891 nica
294 2861 425 2893 talaris'
441 2873 506 2894 was
522 2873 541 2894 a
556 2864 710 2895 woman’s
732 2865 832 2903 dress,
851 2876 886 2897 as
909 2866 982 2898 Gel-

1026 2269 1151 2297 vestem
1167 2267 1262 2306 longe
1277 2266 1407 2305 lateque
1423 2266 1572 2296 diffusam
1589 2266 1738 2297 decoram
1755 2277 1808 2298 ex-

1026 2310 1258 2340 istimaverunt
1282 2309 1324 2338 ad
1347 2308 1440 2338 ulnas
1470 2319 1629 2349 cruraque
1655 2310 1809 2341 adversus

1027 2352 1134 2383 oculos
1150 2351 1384 2392 protegenda.’'

1076 2395 1205 2425 Horace
1223 2394 1254 2434 (1
1273 2394 1342 2425 Sat.
1358 2394 1391 2424 ii.
1408 2394 1463 2435 25)
1481 2394 1641 2426 describes
1667 2396 1725 2427 the
1740 2397 1807 2428 two

1031 2440 1190 2468 extremes
1206 2438 1243 2467 of
1254 2437 1311 2468 the
1327 2438 1499 2468 tunicated
1514 2441 1585 2469 vest
1598 2452 1605 2469 :

1032 2496 1246 2527 “Malthinus
1262 2496 1382 2527 tunicis
1398 2497 1543 2529 demissis
1566 2498 1733 2530 ambulat:
1757 2501 1807 2531 est

1116 2550 1172 2580 qul

1063 2583 1192 2623 Inguen
1223 2583 1265 2614 ad
1296 2584 1470 2615 obscenum
1507 2585 1676 2616 subductis
1706 2596 1807 2626 usque

1116 2627 1275 2657 facetus.’'

1071 2695 1123 2725 13.
1148 2695 1324 2736 excitetur]
1370 2696 1505 2727 ‘rouscd
1535 2697 1619 2727 from
1641 2696 1692 2727 his
1715 2697 1806 2728 seat?

1029 2737 1223 2769 ‘Excitare'
1240 2749 1350 2769 means
1376 2741 1430 2769 ‘to
1455 2739 1537 2770 raise
1562 2740 1628 2780 up.'
1674 2739 1803 2775 Caesar,

1030 2781 1068 2810 B.
1094 2781 1132 2811 G.
1158 2781 1203 2811 iii.
1230 2783 1291 2818 143
1315 2782 1503 2819 Frontinus,
1529 2783 1734 2823 Aquaeduct.
1761 2783 1780 2816 7
1793 2795 1803 2820 J

1028 2823 1145 2864 virgil,
1163 2824 1281 2866 Georg.
1298 2825 1340 2856 iv.
1357 2825 1431 2857 549.
