1849 3167
134 151 215 194 108
714 150 782 195 IN
814 151 859 194 O.
892 150 1145 194 VERREM

131 271 275 321 postea
297 265 341 307 C.
361 266 559 308 Malleolo
575 266 708 308 occiso
729 282 805 322 pro
821 271 1038 322 quaestore
1054 265 1390 315 habuit,—haud
1410 265 1494 308 scio
1511 281 1565 307 an
1585 265 1720 321 major

132 333 260 374 etiam
284 332 386 373 haec
410 332 670 373 necessitudo
692 332 820 372 fuerit
844 347 971 386 quam
999 331 1073 371 illa
1094 330 1308 381 Carbonis,
1332 347 1379 372 ac
1399 331 1494 387 plus
1509 332 1720 387 judicium

131 399 362 440 voluntatis
377 398 516 440 valere
530 414 656 453 quam
670 398 792 438 sortis
806 397 1141 446 debeam—idem
1153 396 1196 436 in
1215 396 1290 437 Cn.
1306 397 1566 438 Dolabellam
1585 397 1658 451 qui
1674 397 1720 437 in

133 464 208 505 Cn.
226 465 461 506 Carbonem
477 464 569 504 fuit.
632 463 744 504 Nam
765 478 871 517 quac
892 463 937 502 in
958 462 1097 516 ipsum
1115 462 1311 503 valebant
1331 462 1520 512 crimina,
1540 461 1720 503 contulit

131 530 177 571 in
206 529 341 580 illum,
364 544 613 583 causamque
643 528 757 569 illius
785 542 951 568 omnem
982 527 1035 568 ad
1064 527 1257 568 inimicos
1287 533 1626 582 accusatoresque
1647 527 1717 567 de-

131 596 254 637 tulit:
287 596 375 650 ipse
400 595 445 635 in
472 609 568 635 eum
588 593 656 634 cui
679 593 857 648 legatus,
880 592 947 633 cui
968 607 1044 647 pro
1065 597 1282 647 quaestore
1307 592 1456 642 fuerat,
1479 592 1718 633 inimicissi-

130 677 248 702 mum
278 667 404 715 atque
434 659 790 714 improbissimum
820 657 1111 699 testimonium
1141 657 1263 699 dixit.
1324 657 1405 699 Ille
1432 658 1559 699 miser
1589 673 1720 712 quum

131 732 237 768 esset
259 726 335 767 Cn.
359 724 577 766 Dolabella
598 739 729 779 quum
758 723 998 778 proditione
1025 723 1147 765 istius
1175 722 1349 772 nefaria,
1374 738 1505 778 quum
1528 723 1719 777 improbo

131 808 178 834 ac
205 792 310 833 falso
338 791 524 846 ejusdem
551 788 804 838 testimonio,
828 793 919 829 tum
945 788 1079 830 multo
1105 787 1276 844 [etiam]
1301 803 1354 829 ex
1383 788 1570 829 maxima
1599 792 1718 843 parte

130 858 251 898 istius
272 857 481 897 furtorum
502 870 550 895 ac
571 853 833 909 flagitiorum
852 854 1015 895 invidia
1036 853 1327 909 conflagravit.

186 922 310 964 XVI.
345 921 457 967 Quid
485 921 564 961 hoc
592 919 764 960 homine
791 919 968 969 faciatis,
999 927 1072 961 aut
1098 920 1152 961 ad
1179 935 1307 974 quam
1331 935 1448 975 spem
1477 924 1567 960 tam
1592 919 1717 974 perfi-

130 989 304 1038 diosum,
333 993 422 1028 tam
451 986 742 1041 importunum
773 986 931 1027 animal
957 986 1214 1027 reservetis?
1247 985 1321 1040 qui
1350 986 1394 1026 in
1427 985 1503 1026 Cn.
1528 985 1718 1026 Carbone

130 1062 296 1104 sortem,
319 1053 365 1094 in
387 1052 463 1093 Cn.
488 1051 709 1092 Dolabella
729 1050 993 1092 Voluntatem
1019 1051 1258 1107 neglexerit
1286 1066 1333 1091 ac
1360 1050 1544 1099 violarit,
1568 1065 1718 1105 eosque

130 1121 271 1162 ambos
290 1134 376 1161 non
396 1118 532 1160 solum
547 1118 791 1167 deseruerit,
810 1117 883 1158 sed
898 1118 1027 1159 etiam
1048 1118 1283 1173 prodiderit
1304 1122 1431 1173 atque
1446 1117 1716 1172 oppugnarit.

129 1186 286 1235 Nolite,
302 1199 467 1240 quaeso,
486 1183 662 1240 judices,
681 1183 888 1224 brevitate
909 1183 1110 1224 orationis
1130 1198 1248 1224 meae
1268 1183 1408 1238 potius
1430 1198 1557 1237 quam
1578 1197 1720 1223 rerum

129 1253 316 1308 ipsarum
336 1249 632 1305 magnitudine
646 1248 826 1290 crimina
848 1249 1091 1303 ponderare.
1144 1249 1257 1289 Mihi
1273 1248 1388 1289 enim
1407 1248 1720 1303 properandum

129 1317 360 1358 necessario
391 1322 453 1357 est
483 1320 530 1356 ut
561 1314 702 1370 omnia
731 1314 850 1355 vobis
886 1329 993 1369 quae
1024 1314 1132 1354 mihi
1162 1314 1392 1355 constituta
1429 1320 1528 1354 sunt
1563 1313 1720 1367 possim

130 1397 349 1438 exponere.
431 1380 714 1427 Quamobrem
753 1385 978 1435 quaestura
1021 1379 1143 1421 istius
1183 1380 1469 1420 demonstrata
1508 1378 1719 1434 primique

129 1449 402 1504 magistratus
438 1451 480 1487 et
515 1445 627 1486 furto
660 1449 702 1486 et
737 1444 890 1486 scelere
923 1449 1141 1499 perspecto
1173 1443 1336 1499 reliqua
1372 1443 1590 1485 attendite.
1663 1443 1720 1484 In

130 1514 280 1570 quibus
300 1513 408 1553 illud
422 1517 587 1566 tempus
601 1510 874 1551 Sullanarum
894 1510 1250 1564 proscriptionum
1267 1525 1314 1550 ac
1331 1509 1576 1564 rapinarum
1597 1524 1717 1564 prae-

129 1579 387 1628 termittam;
419 1592 554 1632 neque
580 1591 658 1631 ego
683 1576 813 1617 istum
840 1575 920 1617 sibi
941 1591 994 1616 ex
1014 1575 1229 1616 communi
1251 1575 1490 1616 calamitate
1511 1574 1718 1616 defensio-

129 1660 227 1686 nem
250 1645 382 1685 ullam
409 1644 544 1684 sinam
575 1658 762 1684 sumere:
795 1642 879 1683 suis
907 1657 1003 1683 eum
1028 1642 1152 1683 certis
1180 1641 1444 1697 propriisque
1471 1641 1719 1682 criminibus

130 1711 342 1752 accusabo.
405 1709 688 1755 Quamobrem
711 1708 790 1749 hoc
811 1707 927 1749 omni
957 1713 1146 1762 tempore
1174 1707 1347 1748 Sullano
1375 1722 1428 1748 ex
1455 1706 1719 1748 accusatione

130 1775 444 1830 circumscripto
466 1774 723 1829 legationem
744 1773 833 1829 ejus
853 1773 1113 1828 praeclaram
1134 1772 1385 1827 cognoscite.

186 1841 335 1883 XVII.
368 1841 649 1895 Posteaquam
680 1839 755 1880 Cn.
789 1839 1033 1880 Dolabellae
1063 1838 1282 1894 provincia
1313 1837 1462 1879 Cilicia
1492 1835 1720 1878 constituta

129 1913 203 1957 est,
220 1907 255 1948 Ο
278 1907 338 1947 dii
358 1904 641 1947 immortales!
673 1910 833 1960 quanta
853 1905 932 1946 iste
954 1905 1198 1959 cupiditate,
1221 1904 1374 1959 quibus
1396 1902 1720 1958 allegati-onibus

129 1973 246 2014 illam
278 1973 358 2014 sibi
387 1971 645 2027 legatio‘nem
665 1970 931 2026 expugnavit
945 1986 955 2022 ;
987 1970 1032 2011 id
1062 1970 1175 2026 quod
1196 1968 1271 2010 Cn.
1294 1968 1540 2011 Dolabellae
1560 1967 1718 2023 princi-

179 2113 212 2142 C'.
229 2112 387 2142 Malleolo
404 2110 523 2151 oeci-90]
553 2110 733 2141 “Oratorie
745 2120 802 2150 pro
819 2120 902 2140 mor-

130 2157 188 2186 tuo
204 2156 342 2185 occisum
358 2155 473 2190 dixit,'’
491 2154 656 2184 Asconius.

175 2209 256 2238 quae
285 2198 319 2227 in
350 2197 472 2237 ipsum]
520 2197 578 2227 See
610 2196 736 2226 Introd.
773 2197 809 2226 to
846 2195 903 2226 the

131 2241 268 2271 Verrine
283 2241 434 2271 orations,

174 2285 241 2314 Ille
265 2307 271 2313 .
296 2307 303 2313 .
332 2284 386 2313 Cn.
412 2281 604 2322 Dolabella]
651 2282 703 2312 All
726 2281 782 2311 the
807 2281 902 2311 MSS.

131 2327 316 2367 Naugerius
346 2326 410 2356 and
439 2336 536 2365 many
563 2325 672 2355 others
702 2334 790 2354 erase
821 2323 901 2354 ‘Cn.

132 2369 318 2400 Dolabella?
369 2369 461 2398 Some
487 2378 619 2408 propose
647 2370 681 2397 to
705 2377 792 2397 erase
809 2367 901 2397 ‘ille'

131 2413 196 2443 and
211 2413 291 2452 keep
308 2416 315 2428 ‘
327 2412 384 2442 Cn.
403 2411 587 2441 Dolabella?

131 2457 202 2487 tion
217 2458 252 2486 to
267 2455 324 2485 the
340 2455 434 2484 MSS.
450 2454 594 2493 reading.

176 2500 227 2530 16.
256 2498 342 2537 Quid
357 2498 414 2527 hoc·
429 2494 732 2536 hominefaez'atis,]

633 2410 650 2440 I
670 2420 720 2440 see
743 2420 784 2440 no
800 2410 902 2450 objec-

778 2499 787 2512 ‘
800 2495 902 2525 What

132 2553 192 2573 can
207 2552 271 2583 you
286 2541 326 2571 do
342 2541 422 2570 with
445 2539 523 2569 such
539 2550 557 2569 a
572 2539 676 2569 fellow
690 2538 720 2568 ?'
766 2538 832 2568 The
849 2539 902 2568 ab·

131 2586 230 2616 lative
246 2585 271 2614 is
287 2584 364 2614 used
375 2584 431 2614 the
447 2592 532 2612 same
544 2592 613 2622 way
627 2581 706 2611 with
716 2581 772 2611 the
782 2581 903 2620 passive

133 2633 142 2646 ‘
154 2628 300 2663 factum‚'
316 2627 380 2657 and
391 2626 471 2656 with
487 2625 543 2655 the
558 2624 636 2654 verb
653 2628 662 2640 ‘
674 2624 736 2660 fio,'
754 2634 787 2654 as
804 2628 812 2640 ‘
825 2624 903 2663 quid

132 2682 184 2702 me
196 2671 204 2684 ’
221 2681 257 2701 or
277 2674 285 2687 ‘
298 2670 336 2700 de
359 2680 410 2699 me
433 2669 489 2699 fiet
502 2668 532 2698 ‘?'
578 2671 586 2684 ‘
598 2667 683 2704 Quid
699 2667 752 2697 illo
772 2677 901 2707 myopa-

132 2725 209 2745 rone
224 2714 347 2744 factum
363 2712 426 2748 sit‚’
444 2722 470 2742 c.
487 2712 538 2742 35.
584 2710 656 2750 (See
672 2710 865 2749 Forcellini.)

176 2758 210 2787 in
227 2758 282 2787 On.
300 2756 443 2786 Carbone
460 2778 467 2785 .
492 2777 499 2784 .
515 2755 549 2784 in
566 2754 620 2784 Cn.
635 2752 829 2793 Dolabella]
849 2752 901 2782 ‘in

133 2800 192 2831 Cn.
216 2800 393 2830 Carbonem
417 2822 424 2828 .
449 2821 456 2828 .
479 2797 536 2828 Cn.
560 2796 780 2832 Dolabella1n,’
803 2796 837 2825 in
859 2795 902 2825 all

132 2844 191 2874 the
206 2843 300 2873 MSS.
317 2842 380 2872 and
402 2841 444 2871 all
466 2841 523 2871 the
546 2840 598 2870 old
619 2839 755 2870 editions
766 2851 775 2875 ς
798 2839 859 2868 but
874 2838 902 2868 it

134 2887 160 2917 is
175 2897 192 2916 a
209 2885 355 2917 mistakc.
394 2885 512 2924 Zumpt
528 2883 668 2924 explains
679 2886 688 2899 ‘
700 2882 900 2913 voluntatem

946 2108 1147 2149 neglexerit'
1171 2110 1206 2139 to
1229 2108 1313 2139 refer
1335 2110 1370 2138 to
1393 2108 1450 2138 the
1474 2107 1665 2138 ‘voluntas'
1688 2107 1725 2138 of

947 2152 1074 2188 Verres,
1099 2152 1163 2181 and
1185 2151 1241 2181 the
1266 2151 1439 2191 ‘judicium
1461 2150 1662 2187 voluntatis,'
1685 2151 1720 2180 111

948 2205 975 2225 0.
1008 2196 1058 2230 15,
1090 2195 1155 2224 3150
1192 2197 1227 2224 to
1256 2205 1350 2224 mean
1380 2194 1436 2224 the
1468 2194 1635 2224 ‘voluntas
1647 2194 1656 2206 ’
1687 2193 1724 2224 of

947 2238 1073 2268 Verres.
1120 2237 1153 2267 It
1169 2247 1268 2267 seems
1284 2239 1318 2267 to
1334 2247 1384 2267 me
1400 2239 1435 2267 to
1457 2247 1551 2268 mean
1566 2237 1623 2267 the
1647 2240 1718 2267 ‘vo-

946 2281 1054 2311 lmltas
1066 2280 1075 2293 '
1092 2280 1129 2310 of
1140 2280 1315 2310 Dolabella.

991 2322 1116 2363 ambos]
1165 2327 1173 2339 ‘
1186 2323 1302 2358 a1nb0,'
1319 2322 1373 2352 Gl
1386 2334 1400 2353 ς
1412 2321 1472 2362 Lg.
1485 2323 1526 2352 29
1539 2321 1574 2358 C,
1588 2322 1718 2353 Iordan.

990 2376 1072 2406 quae
1095 2366 1173 2395 mihi
1203 2366 1380 2395 constituta
1408 2364 1500 2405 sunt]
1535 2365 1661 2395 ‘which
1691 2366 1719 2396 it

946 2409 972 2439 is
988 2420 1041 2449 my
1057 2409 1222 2445 business?
1239 2409 1363 2438 ‘which
1379 2408 1396 2438 I
1419 2408 1499 2438 have
1515 2408 1719 2439 undertaken

946 2455 982 2483 to
997 2452 1048 2492 lay
1064 2451 1172 2481 before
1187 2451 1272 2491 you.’

989 2493 1248 2534 circumscripto]
1297 2497 1317 2510 “
1331 2493 1474 2530 Sublato,
1485 2494 1717 2532 circumducto,

947 2548 984 2568 ac
1006 2538 1230 2577 praetermisso
1242 2537 1262 2550 '³
1281 2536 1474 2578 (Asconius).
1520 2538 1577 2568 See
1593 2539 1667 2568 Act.
1683 2538 1717 2568 ii.

948 2581 1019 2611 Lib.
1043 2582 1073 2610 2.
1097 2590 1123 2610 c.
1147 2581 1198 2610 31.
1244 2580 1363 2620 Zumpt
1385 2581 1450 2611 also
1472 2581 1571 2611 refers
1593 2584 1628 2611 to
1651 2580 1718 2612 Cic.

946 2624 995 2654 De
1012 2623 1082 2653 Fin.
1098 2623 1142 2653 iii.
1159 2625 1188 2659 9,
1210 2623 1224 2663 §
1243 2625 1294 2653 31.

990 2666 1040 2698 17.
1065 2667 1315 2705 alleyationibus
1327 2690 1334 2696 .
1352 2690 1358 2696 .
1373 2666 1580 2707 legationem]
1606 2666 1675 2697 One
1685 2667 1722 2697 of

947 2709 1084 2739 Cicero's
1110 2709 1198 2750 plays
1222 2720 1262 2739 on
1287 2710 1399 2746 words,
1423 2710 1457 2740 in
1479 2710 1584 2740 which
1606 2710 1647 2740 he
1669 2710 1717 2740 in-

947 2752 1066 2792 dulged
1088 2763 1175 2782 more
1198 2753 1279 2782 than
1295 2753 1377 2792 good
1393 2755 1477 2783 taste
1494 2763 1552 2783 can
1568 2763 1716 2793 approve.

946 2795 1013 2825 The
1037 2795 1170 2825 Ciliciam
1193 2796 1395 2836 praetorship
1415 2796 1452 2826 of
1474 2795 1639 2826 Dolabella
1662 2796 1716 2826 be-

944 2838 1062 2879 longed
1076 2840 1110 2869 to
1127 2847 1190 2869 Β.0.
1207 2840 1259 2876 80,
1276 2839 1339 2869 and
1354 2839 1508 2879 probably
1524 2841 1559 2869 to
1574 2838 1616 2871 79
1631 2839 1706 2869 also.
