1849 3167
132 127 214 168 330
712 121 781 166 IN
812 122 856 165 C.
889 120 1143 165 VERREM

132 245 289 296 ageret,
313 254 476 281 summa
506 254 602 281 cum
633 238 882 280 auctoritate
913 241 1019 278 essct
1047 235 1222 277 locutus.
1284 234 1505 285 Statuitur,
1534 239 1581 276 ut
1611 234 1716 283 dico,

131 321 256 361 eques
277 305 506 355 Romanus,
530 319 660 346 annos
684 318 813 359 prope
841 316 894 343 xc
917 307 1053 351 natus,
1077 301 1123 342 in
1149 300 1332 356 Apronii
1358 301 1562 351 convivio,
1589 315 1719 355 quum

131 372 292 412 interea
308 370 523 425 Apronius
545 374 670 424 caput
692 374 817 423 atque
838 383 881 409 os
903 382 1025 408 suum
1045 372 1263 421 unguento
1284 367 1544 408 confricaret.
1607 366 1721 412 Quid

132 442 206 487 est,
230 436 377 478 Lolli?
402 436 567 491 inquit:
594 440 642 476 tu
662 435 745 475 nisi
765 433 876 474 malo
898 437 1064 474 coactus
1085 438 1196 473 recte
1217 431 1352 473 facere
1372 432 1506 473 nescis
1520 432 1540 472 Ρ
1580 431 1720 472 Homo

131 503 235 558 quid
265 507 423 557 ageret,
456 506 613 542 taceret
643 499 927 554 responderet,
959 498 1063 553 quid
1092 497 1228 539 facere
1265 497 1444 552 denique
1479 497 1553 538 illa
1584 502 1720 538 aetate

131 575 173 609 et
208 568 457 609 auctoritate
496 565 711 621 praeditus
750 563 974 605 nesciebat.
1034 563 1251 618 Apronius
1282 563 1443 604 interea
1472 577 1643 604 coenam
1673 577 1721 602 ac

131 633 282 689 pocula
308 632 515 687 poscebat.
577 630 696 671 Servi
721 634 863 670 autem
893 629 994 684 ejus,
1018 629 1092 684 qui
1117 633 1159 670 et
1188 628 1375 670 moribus
1405 628 1554 669 iisdem
1584 632 1721 668 essent

132 699 283 755 quibus
305 698 499 740 dominus
520 701 561 737 et
581 697 726 737 eodem
749 711 902 751 genere
924 711 971 736 ac
998 695 1089 736 1000
1113 695 1217 744 nati,
1239 699 1406 749 praeter
1430 694 1569 735 oculos
1593 693 1723 734 Lollii
1766 703 1769 706 “

131 765 235 806 haec
256 764 396 805 omnia
418 762 620 803 ferebant.
651 761 826 802 Ridere
847 761 1072 811 convivae3
1099 760 1352 802 cachinnare
1372 759 1460 814 ipse
1481 758 1720 814 Apronius:

131 830 214 871 nisi
235 829 342 870 forte
363 827 614 869 existimatis
636 842 732 868 eum
751 826 796 867 in
817 827 917 867 vino
939 831 1065 881 atque
1086 826 1192 866 luxu
1218 841 1304 867 non
1331 825 1484 875 risisse,
1507 824 1582 879 qui
1609 839 1723 864 nunc

132 895 178 936 in
208 893 395 949 periculo
427 898 553 948 atque
583 892 713 933 exitio
744 906 817 932 suo
845 891 977 932 risum
1006 896 1150 932 tenere
1170 906 1255 932 non
1285 890 1427 945 possit.
1487 890 1554 931 Ne
1573 889 1721 938 multa,

127 961 304 1017 judices,
339 959 405 1000 his
440 958 706 1000 contumeliis
741 958 889 999 scitote
923 957 973 1003 Q.
1011 957 1198 998 Lollium
1229 961 1420 997 coactum
1454 955 1508 996 ad
1542 954 1724 1009 Apronii

132 1027 247 1082 leges
280 1025 624 1080 conditionesque
655 1024 832 1065 venisse.
894 1023 1056 1064 Lollius
1089 1027 1225 1064 aetate
1258 1027 1299 1062 et
1325 1021 1470 1062 morbo
1497 1019 1725 1075 impeditus

133 1093 186 1133 ad
207 1091 497 1133 testimonium
517 1090 744 1131 dicendum
763 1089 909 1130 venire
929 1104 1016 1130 non
1036 1089 1187 1144 potuit.
1222 1088 1335 1134 Quid
1356 1102 1459 1142 opus
1479 1091 1541 1128 est
1561 1085 1725 1127 Lollio?

132 1173 255 1198 nemo
276 1157 354 1198 hoc
375 1156 531 1197 nescit:
563 1170 687 1196 nemo
707 1159 877 1195 tuorum
898 1155 1141 1204 amicorum,
1163 1169 1287 1195 nemo
1314 1154 1387 1194 abs
1417 1158 1459 1193 te
1483 1152 1723 1208 productUS,

133 1238 256 1264 nemo
277 1223 350 1263 abs
371 1227 413 1263 te
433 1222 720 1276 interrogatus
740 1235 853 1261 nunc
875 1236 917 1261 se
936 1221 1124 1275 primum
1147 1220 1226 1261 hoc
1247 1219 1405 1260 diceret
1433 1217 1590 1260 audire.
1663 1216 1723 1257 M.

133 1288 307 1337 Lollius,
331 1288 420 1344 ejus
445 1288 570 1336 filius,
594 1286 833 1327 adolescens
859 1285 1122 1336 lectissimus,
1145 1290 1312 1340 praesto
1333 1290 1419 1326 est:
1451 1283 1578 1339 hujus
1598 1283 1727 1324 verba

134 1354 325 1395 audietis.
406 1353 519 1394 Nam
561 1351 611 1398 Q.
648 1351 811 1392 Lollius
846 1351 935 1406 ejus
974 1351 1099 1400 filius,
1136 1351 1210 1406 qui
1251 1350 1462 1391 Calidium
1501 1348 1724 1397 accusavit,

134 1420 372 1461 adolescens
393 1424 434 1459 et
455 1419 588 1459 bonus
609 1422 650 1458 et
671 1416 792 1457 fortis
813 1422 855 1457 et
875 1417 920 1457 in
940 1417 1089 1471 primis
1111 1416 1302 1465 disertus,
1321 1430 1452 1470 quum
1472 1414 1539 1455 his
1559 1414 1728 1470 injuriis

134 1485 482 1539 contumeliisque
522 1488 754 1524 commotus
794 1482 839 1523 in
881 1481 1069 1523 Siciliam
1101 1486 1207 1523 esset
1241 1481 1464 1536 profectus,
1499 1480 1544 1520 in
1575 1480 1728 1520 itinere

135 1551 293 1592 occisus
329 1556 414 1591 est:
458 1549 576 1605 cujus
608 1548 756 1589 mortis
792 1563 959 1589 causam
994 1547 1168 1603 fugitivi
1201 1547 1434 1597 sustinent;
1477 1561 1521 1587 re
1556 1545 1727 1600 quidem

134 1633 235 1659 vera
255 1632 378 1658 nemo
400 1616 445 1657 in
467 1615 610 1656 Sicilia
631 1615 798 1656 dubitat
818 1614 922 1670 quin
947 1629 994 1655 eo
1016 1614 1070 1655 sit
1091 1613 1249 1655 occisus
1273 1614 1386 1668 quod
1414 1613 1568 1653 habere
1589 1611 1729 1653 clausa

133 1698 220 1725 non
241 1682 427 1737 potuerit
448 1696 522 1722 sua
543 1680 718 1722 consilia
739 1681 791 1721 de
812 1680 959 1721 Verre.
1022 1679 1109 1720 Iste
1129 1694 1253 1734 porro
1274 1694 1360 1719 non
1380 1678 1602 1719 dubitabat
1625 1677 1729 1733 quin

135 1749 185 1798 is,
220 1748 294 1804 qui
335 1747 466 1789 alium
506 1752 631 1788 antea
670 1745 809 1787 studio
849 1746 1054 1786 adductus
1087 1749 1329 1794 accusasset,
1367 1743 1448 1785 sibi
1486 1742 1730 1784 advenienti

134 1822 298 1870 praesto
331 1818 438 1854 esset
471 1812 651 1862 futurus,
689 1826 820 1867 quum
855 1816 962 1853 esset
997 1811 1185 1866 parentis
1225 1810 1393 1866 injuriis
1429 1816 1471 1851 et
1503 1808 1730 1850 domestico

135 1880 276 1921 dolore
297 1885 540 1920 commotus.

88 1937 91 1940 Ι
192 1945 360 1986 XXVI.
392 1944 418 1985 J
423 1960 545 1985 amne
573 1942 828 1998 intelligitis,
853 1941 1030 1998 judices,
1053 1957 1160 1997 quae
1187 1941 1328 1997 pestis,
1352 1956 1459 1996 quae
1487 1939 1730 1981 immanitas

136 2011 181 2051 in
213 2016 352 2052 vestra
385 2010 689 2065 antiquissima,
721 2008 977 2058 fidelissima,
1011 2008 1288 2063 proximaque
1319 2006 1537 2062 provincia
1566 2011 1731 2047 versata

137 2078 225 2119 sit?
296 2076 324 2117 J
327 2092 394 2117 am
425 2076 578 2118 videtis
615 2091 743 2130 quam
779 2076 831 2117 ob
868 2090 1036 2116 causam
1072 2074 1227 2123 Sicilia,
1260 2079 1322 2114 tot
1356 2073 1577 2114 hominum
1607 2076 1730 2112 antea

137 2142 264 2191 furta,
297 2141 478 2196 rapinas,
510 2141 769 2196 iniquitates,
792 2140 1131 2196 ignominiasque
1160 2154 1355 2194 perpessa
1385 2138 1463 2179 hoc
1493 2152 1579 2178 non
1607 2141 1728 2191 potu-

139 2208 219 2249 erit
249 2222 407 2248 novum
438 2222 484 2248 ac
515 2206 730 2261 singulare
761 2212 888 2261 atque
918 2204 1165 2246 incredibile
1197 2219 1329 2258 genus
1358 2202 1611 2258 injuriarum
1632 2217 1728 2242 con-

138 2273 492 2326 tumeliarumque
532 2271 752 2326 perferre?
825 2271 854 2312 J
856 2286 925 2312 am
959 2284 1103 2311 omnes
1138 2268 1389 2323 intelligunt
1421 2282 1495 2308 cur
1534 2266 1731 2308 universa

139 2338 356 2394 provincia
377 2337 637 2378 defensorem
663 2352 759 2378 suae
787 2335 934 2377 salutis
962 2350 1057 2376 eum
1084 2333 1351 2389 quaesiverit,
1374 2332 1493 2388 cujus
1517 2332 1596 2373 iste
1617 2332 1728 2382 fidei,

140 2403 400 2458 diligentiae,
423 2402 771 2457 perseverantiae,
794 2401 912 2442 nulla
938 2399 1101 2440 ratione
1127 2398 1235 2453 eripi
1258 2398 1401 2453 possit.
1463 2398 1542 2439 Tot
1558 2397 1731 2453 judiciis

140 2467 418 2509 interfuistis:
450 2471 514 2508 tot
540 2466 732 2507 homines
759 2470 957 2506 nocentes
987 2469 1029 2504 et
1055 2463 1265 2518 improbos
1294 2468 1505 2505 accusatos
1530 2468 1572 2504 et
1591 2469 1732 2504 vestra

141 2539 183 2575 et
204 2533 465 2587 superiorum
485 2531 687 2572 memoria
708 2531 823 2572 scitis
844 2545 954 2571 esse:
978 2544 1151 2583 ecquem
1167 2528 1345 2579 vidistis,
1362 2544 1536 2584 ecquem
1556 2528 1731 2569 audistis

141 2599 187 2640 in
209 2597 340 2639 tantis
361 2596 498 2645 furtis,
514 2596 560 2636 in
581 2601 669 2636 tam
690 2595 858 2650 apertis,
878 2593 966 2650 [in]
983 2599 1103 2635 tanta
1124 2594 1310 2644 audacia,
1329 2600 1449 2635 tanta
1469 2594 1732 2649 impudentia

190 2695 368 2736 Calidium]
417 2695 475 2725 See
490 2695 564 2724 Act.
581 2694 602 2723 i.
619 2704 645 2724 0.
663 2694 714 2724 13.
960 2693 1045 2723 after
1074 2693 1131 2723 the
1152 2692 1324 2723 oratorical
1344 2693 1470 2723 fashion
1497 2692 1533 2722 of
1555 2691 1730 2731 antiquity,

175 2738 334 2781 fufitii-17]
397 2738 449 2768 He
479 2748 544 2768 was
578 2737 730 2777 reported
767 2738 802 2766 to
834 2736 916 2766 have
960 2736 1099 2766 without
1141 2746 1204 2776 any
1242 2736 1403 2773 evidence,
1445 2745 1480 2766 as
1517 2735 1568 2764 far
1612 2744 1645 2764 as
1684 2744 1732 2764 we

141 2784 222 2814 been
252 2782 352 2812 killed
382 2782 424 2822 by
452 2791 538 2812 some
568 2781 604 2810 of
630 2780 687 2811 the
717 2780 817 2810 slaves
843 2780 916 2810 who
960 2779 1065 2815 know,
1090 2779 1200 2810 makes
1223 2779 1273 2809 his
1297 2779 1396 2810 death
1419 2789 1437 2810 a
1460 2778 1579 2818 charge
1603 2777 1732 2818 against

143 2837 226 2858 were
247 2825 327 2856 then
350 2825 383 2855 in
406 2824 559 2855 rehellion
582 2824 616 2853 in
640 2823 753 2853 Lower
777 2823 875 2863 Italy,
897 2833 917 2853 a
960 2823 1086 2853 Verres.

144 2871 378 2902 circumstance
402 2868 501 2909 likely
524 2867 651 2907 enough
664 2879 674 2904 ς
705 2867 766 2897 but
793 2866 915 2903 Cicero,
1004 2867 1056 2898 26.
1083 2865 1151 2907 [in]
1170 2864 1284 2906 tanta]
1318 2865 1440 2896 Schiitz
1456 2863 1567 2896 erased
1582 2863 1639 2894 the
1655 2863 1731 2900 ‘in,'
