1849 3167
493 126 620 168 AOT.
653 126 717 168 Π.
749 124 937 168 LIBER
969 124 1248 171 QUINTUS.
1595 127 1678 169 559

79 241 243 283 fructus
263 241 546 296 deportandos
566 239 803 283 onerariam
829 254 982 281 navem
1003 254 1259 294 comparare.
1320 239 1542 295 Ejusmodi
1562 241 1680 282 volu-

54 306 153 353 isti
183 307 235 347 de
265 311 307 347 te
338 322 574 348 sermonem
604 321 691 347 esse
722 305 912 346 omnium
947 304 1089 359 palam
1118 310 1167 344 ut
1196 304 1471 359 loquerentur
1500 311 1542 347 te
1562 306 1683 347 illam

78 386 232 412 navem
261 387 411 426 parare
441 387 547 427 quae
577 371 778 427 praedam
809 386 862 412 ex
883 370 1028 411 Sicilia
1058 370 1303 424 deportaret
1333 375 1375 411 et
1406 371 1459 411 ad
1490 387 1538 412 ea
1568 371 1683 412 furta

79 450 187 490 quae
214 436 454 491 reliquisses
482 437 769 479 commearet?
828 436 989 477 Verum
1017 435 1122 476 haec
1144 435 1299 485 omnia,
1323 435 1359 476 si
1386 436 1508 477 doces
1528 452 1683 478 navem

79 501 131 542 de
151 507 226 542 tua
246 502 426 556 pecunia
447 502 722 552 aedificatam,
740 501 912 543 remitto
933 506 1060 556 atque
1081 500 1276 541 concedo.
1338 499 1420 541 Sed
1442 501 1533 551 hoc,
1556 502 1682 543 homo

78 567 378 617 amentissime,
401 583 487 608 non
508 567 715 622 intelligis
735 567 875 622 priore
897 567 1062 608 actione
1083 566 1135 607 ab
1156 565 1250 607 istis
1274 565 1377 621 ipsis
1398 566 1681 617 Mamertinis,

78 631 163 672 tuis
184 631 485 682 laudatoribus,
509 647 597 673 esse
618 632 831 674 sublatum
846 632 866 672 Ρ
910 632 1024 674 Nam
1045 631 1157 672 dixit
1178 631 1327 681 Heius,
1344 632 1542 686 princeps
1561 632 1684 673 istius

77 696 304 751 legationis
332 713 438 752 quae
470 698 524 739 ad
548 703 667 739 tuam
692 697 981 738 laudationem
1005 697 1132 738 missa
1160 701 1235 746 est,
1259 711 1413 737 navem
1440 696 1520 738 tibi
1547 697 1685 751 operis

78 761 259 816 publicis
299 762 657 804 Mamertinorum
697 778 784 804 esse
824 763 982 804 factam
1022 763 1145 818 eique
1184 762 1402 803 faciendae
1448 768 1685 804 senatorem

79 825 384 868 Mamertinum
425 828 593 882 publice
632 827 875 882 praefuisse.
947 827 1132 882 Reliqua
1174 833 1236 869 est
1275 827 1487 868 materies.
1558 827 1685 869 Hanc

78 890 304 946 Rheginis,
339 897 387 933 ut
419 893 501 948 ipsi
533 893 694 942 dicunt,
733 893 903 934 tametsi
939 897 987 933 tu
1025 907 1184 947 negare
1215 907 1301 933 non
1336 898 1469 948 potes,
1502 893 1683 948 publice,

78 958 191 1012 quod
212 957 462 999 Mamertini
482 959 705 1000 materiem
725 973 812 999 non
832 958 1004 1007 habent,
1028 958 1304 1013 imperavisti.

136 1021 262 1063 XIX.
296 1022 341 1063 Si
363 1028 405 1064 et
427 1039 479 1064 ex
500 1039 582 1079 quo
604 1024 652 1064 fit
672 1023 794 1065 navis
815 1028 857 1064 et
885 1023 958 1078 qui
979 1024 1156 1073 faciunt,
1179 1023 1358 1078 imperio
1385 1023 1465 1064 tibi
1490 1028 1573 1072 tuo,
1597 1039 1685 1065 non

79 1087 228 1142 pretio,
260 1093 428 1143 praesto
463 1089 651 1138 fuerunt,
684 1089 758 1130 ubi
794 1089 969 1129 tandem
1005 1088 1114 1129 istuc
1156 1088 1261 1129 latet
1294 1089 1408 1143 quod
1444 1094 1493 1129 tu
1529 1089 1580 1129 de
1611 1094 1686 1130 tua

77 1153 257 1207 pecunia
278 1153 383 1194 dicis
404 1153 643 1208 impensum
659 1153 799 1194 P—At
816 1153 1066 1194 Mamertini
1086 1153 1131 1193 in
1149 1153 1305 1194 tabulis
1320 1153 1431 1194 nihil
1452 1153 1686 1194 habent.—

78 1218 274 1259 Primum
294 1218 417 1260 video
437 1219 622 1273 potuisse
643 1219 737 1259 fieri
758 1224 806 1260 ut
826 1234 879 1260 ex
907 1218 1068 1259 aerario
1088 1218 1200 1259 nihil
1230 1219 1405 1259 darent:
1438 1218 1597 1259 etenim
1617 1219 1686 1260 vel

80 1283 351 1338 Capitolium,
378 1284 486 1325 sicut
514 1285 627 1339 apud
654 1283 835 1339 majores
861 1288 1025 1325 nostros
1050 1283 1211 1325 factum
1235 1288 1310 1333 est,
1336 1283 1505 1339 publice
1532 1285 1686 1326 coactis

77 1348 208 1390 fabris
240 1349 461 1405 operisque
490 1349 710 1404 imperatis
744 1349 878 1404 gratis
908 1348 1179 1390 exaedificari
1209 1354 1337 1405 atque
1369 1348 1478 1390 effici
1518 1351 1683 1404 potuit':

77 1415 229 1456 deinde
250 1415 295 1455 id
315 1415 427 1470 quod
447 1414 655 1470 perspicio
676 1420 718 1456 et
740 1416 854 1470 quod
875 1415 1108 1464 ostendam,
1132 1430 1263 1470 quum
1291 1414 1402 1470 ipsos
1432 1415 1684 1470 produxero,

77 1479 264 1535 ipsorum
286 1495 340 1521 ex
366 1480 515 1530 literis,
547 1480 705 1521 multas
734 1480 935 1536 pecunias
966 1480 1038 1521 isti
1068 1486 1263 1535 erogatas
1293 1480 1339 1521 in
1370 1496 1544 1535 operum
1574 1481 1684 1523 loca-

76 1545 213 1586 tiones
249 1545 375 1586 falsas
411 1550 538 1601 atque
569 1545 718 1586 inanes
751 1561 838 1586 esse
869 1545 1138 1601 perscriptas.
1211 1545 1326 1587 Nam
1366 1545 1473 1586 illud
1508 1546 1686 1588 minime

77 1610 236 1651 mirum
271 1615 334 1651 est
370 1610 663 1661 Mamertinos,
696 1627 721 1652 a
751 1626 834 1667 quo
880 1626 1093 1652 summum
1132 1611 1384 1653 beneficium
1422 1618 1683 1667 acceperant,

79 1691 206 1731 quem
228 1676 309 1717 sibi
336 1676 579 1717 amiciorem
604 1692 691 1718 esse
712 1692 841 1732 quam
869 1676 1024 1731 populo
1052 1676 1244 1717 Romano
1272 1682 1571 1732 cognoverant,
1595 1677 1685 1733 ejus

80 1741 211 1796 capiti
240 1740 375 1782 literis
407 1740 492 1782 suis
528 1742 775 1796 pepercisse.
837 1741 920 1782 Sed
957 1741 992 1782 si
1028 1746 1281 1796 argumento
1312 1747 1374 1782 est
1406 1741 1684 1784 Mamertinos

79 1807 160 1848 tibi
180 1806 405 1861 pecuniam
425 1821 511 1846 non
533 1806 708 1856 dedisse,
723 1806 824 1861 quia
846 1806 1052 1860 scriptum
1068 1821 1153 1847 non
1167 1807 1338 1855 habent,
1354 1807 1408 1847 sit
1429 1812 1683 1861 argumento

78 1874 160 1916 tibi
181 1873 314 1929 gratis
335 1878 446 1914 stare
467 1887 619 1914 navem
635 1872 735 1927 quia
751 1873 855 1927 quid
869 1868 1019 1913 emeris
1041 1876 1114 1913 aut
1135 1872 1238 1927 quid
1259 1871 1461 1913 locaveris
1477 1872 1682 1928 scriptum

81 2013 139 2043 the
155 2011 420 2042 consu—loram]
445 2011 508 2041 and
533 2010 632 2041 Halm
655 2011 736 2041 omit
760 2011 817 2041 thc
842 2010 856 2042 Ρ

81 2056 167 2086 after
185 2060 192 2072 ‘
206 2055 424 2086 commearet?

120 2099 279 2139 princeps
317 2097 429 2138 istius]
492 2101 500 2114 ‘
513 2097 666 2137 Princeps
703 2097 858 2133 civitatis,

81 2142 230 2182 princeps
246 2141 339 2172 istius
356 2141 527 2180 legationis
539 2141 547 2153 '
571 2141 654 2170 dett.
672 2139 783 2169 Orelli.

124 2184 310 2225 maceriem]
360 2184 389 2214 1<
406 2184 432 2214 G
447 2185 463 2214 1
482 2184 532 2214 Ld
557 2183 633 2223 (om.
659 2183 686 2213 G
700 2183 746 2224 2),
773 2187 780 2199 ‘
793 2193 858 2213 nia-

902 2010 947 2041 rei
979 2012 1098 2040 natura
1130 2009 1323 2048 intelligere,
1345 2009 1429 2049 fiet-i
1455 2010 1602 2049 poluisse
1625 2010 1683 2040 ali-

903 2054 992 2093 quid,
1024 2053 1109 2093 qnod
1147 2053 1262 2083 deinde
1290 2054 1422 2093 saelum
1463 2064 1586 2092 quoque
1615 2064 1683 2083 esse

904 2097 992 2127 dicat
1008 2108 1040 2126 se
1057 2096 1236 2136 perspicere
1252 2107 1289 2126 ex
1316 2096 1413 2126 certis
1439 2096 1584 2134 vestigiis
1610 2097 1682 2127 lite-

905 2150 1025 2169 rarum.
1068 2139 1209 2169 Tantum
1227 2139 1281 2169 illa
1297 2150 1379 2179 quae
1395 2143 1575 2179 sequuntur
1587 2140 1680 2179 (mul-

905 2185 958 2213 tas
981 2183 1148 2222 pecunias,
1166 2182 1235 2223 xe.)
1257 2183 1481 2222 conjungenda
1507 2186 1584 2213 sunt
1608 2194 1682 2214 cum

82 2228 200 2259 teriam
213 2228 221 2241 '
240 2228 300 2267 Lg.
318 2229 359 2258 29
372 2240 381 2263 ;
407 2227 578 2257 ‘materies
590 2227 598 2239 '
616 2227 699 2256 dett.

126 2272 178 2302 19.
216 2270 444 2311 Capc'tolium,]
492 2270 560 2300 The
586 2270 638 2299 old
669 2272 758 2309 story
786 2279 861 2305 waS,

82 2314 158 2345 that
181 2314 377 2354 Tarquinius
400 2313 575 2353 impressed
599 2312 710 2352 peoplc
742 2313 779 2342 of
804 2312 862 2343 the

83 2358 232 2398 ‘plebes’
250 2360 284 2388 to
312 2357 399 2387 work
426 2359 461 2387 at
489 2357 545 2387 the
570 2355 688 2395 capitol
714 2355 822 2396 (Livy,
840 2355 861 2385 i.

83 2400 150 2441 56).
197 2400 275 2430 This
291 2400 317 2430 is
334 2404 342 2417 ‘
353 2400 480 2440 publice
497 2399 639 2434 com-tis)
656 2398 711 2429 Sic.

127 2443 242 2473 deinde
258 2443 293 2473 id
309 2443 395 2482 quod
422 2442 494 2483 tie]
546 2442 623 2472 This
639 2442 665 2471 is
681 2441 737 2471 the
764 2441 857 2472 MSS.

83 2487 229 2526 reading,
247 2486 353 2516 which
375 2486 494 2525 Zumpt
510 2485 567 2515 has
584 2484 708 2515 altered
724 2495 764 2515 on
782 2495 858 2526 very

83 2529 185 2569 slight
215 2529 369 2568 groundS,
401 2529 464 2559 and
496 2528 596 2558 Orelli
630 2527 751 2558 follows
781 2528 858 2558 hini.

84 2572 231 2612 Zumpt's
254 2572 390 2610 reading
413 2571 438 2601 is
463 2571 599 2601 ‘deinde
630 2571 795 2611 perspicio,
826 2571 859 2602 id

82 2615 168 2656 quod
198 2615 389 2650 ostendam,’
421 2614 527 2644 which
562 2625 663 2645 scenis
694 2614 794 2644 easier
825 2616 859 2645 to

83 2658 296 2694 understand,
321 2658 381 2688 but
405 2668 451 2687 we
475 2660 594 2688 cannot
615 2657 698 2687 alter
714 2657 771 2688 the
787 2659 859 2689 text

82 2701 198 2742 simply
212 2703 247 2731 to
263 2700 358 2731 make
370 2701 398 2731 it
415 2701 545 2731 ‹·learer.
577 2700 712 2739 Madvig
725 2700 858 2731 defends

82 2745 139 2775 the
163 2744 296 2783 vulgate
320 2744 400 2773 with
425 2743 491 2774 this
515 2743 663 2774 remark:
703 2747 723 2760 “
737 2744 858 2784 optime

82 2788 205 2823 Cicero,
217 2797 316 2827 quum
329 2787 445 2817 Verres
456 2797 523 2817 rem
535 2787 715 2817 confectam
726 2789 859 2826 putaret

81 2830 203 2861 tabulis
219 2830 504 2865 Mamertinorum,
521 2830 666 2870 opponit,
683 2830 810 2860 etiamsi
825 2830 859 2861 in

81 2873 144 2904 illis
159 2873 280 2904 tabulis
306 2873 387 2903 nihil
412 2873 465 2910 sit,
491 2873 600 2904 videre
624 2883 668 2910 se,
684 2872 718 2903 id
738 2875 798 2911 est,
821 2883 859 2904 cx

905 2226 1011 2256 verbis
1027 2226 1190 2265 proximis,
1204 2226 1372 2265 pe’t·spt'‹·io
1389 2228 1418 2255 el
1436 2226 1637 2256 osleml‹1m.”

950 2271 1105 2308 erochas
1137 2292 1144 2299 .
1177 2292 1183 2299 .
1221 2268 1457 2309 perscriptam]
1517 2271 1611 2299 smus
1648 2270 1686 2300 of

906 2322 1021 2352 money
1038 2312 1112 2352 paid
1129 2314 1163 2342 to
1180 2312 1297 2342 Verres
1315 2312 1494 2352 (erogatae)
1519 2323 1602 2342 were
1627 2323 1681 2342 en-

907 2355 998 2386 tered
1016 2355 1240 2395 (perscriptae)
1259 2366 1292 2386 as
1309 2355 1475 2395 expendcd
1491 2366 1531 2385 on
1549 2356 1606 2386 the
1622 2366 1681 2386 nn-

903 2398 1094 2438 dertakings
1125 2399 1162 2429 of
1189 2399 1293 2429 works
1324 2399 1430 2428 which
1462 2409 1545 2429 were
1583 2409 1682 2429 never

904 2442 1003 2482 really
1025 2442 1118 2472 done.
1164 2441 1255 2472 Fulsc
1279 2442 1400 2472 entries
1424 2452 1507 2472 were
1530 2442 1624 2472 made
1647 2453 1682 2472 as

904 2487 939 2515 to
955 2485 1169 2525 expenditure
1186 2485 1219 2515 in
1235 2485 1330 2515 order
1347 2488 1382 2515 to
1399 2485 1526 2515 conceal
1541 2485 1597 2515 tho
1614 2485 1681 2515 real

903 2528 1026 2568 objects
1052 2529 1089 2558 of
1109 2528 1166 2559 the
1190 2529 1414 2568 expenditure,
1445 2538 1464 2558 a
1495 2528 1586 2558 usual
1617 2528 1682 2558 und

904 2572 1020 2611 vulgar
1036 2571 1121 2602 triek
1149 2572 1186 2602 of
1206 2571 1326 2602 kam-es
1351 2572 1423 2601 who
1444 2572 1525 2601 have
1542 2572 1598 2602 the
1614 2582 1681 2601 ma-

903 2617 1079 2654 nagement
1103 2615 1140 2645 of
1159 2615 1254 2645 other
1281 2615 1419 2655 people's
1449 2625 1575 2655 money.
1623 2615 1682 2645 Sco

904 2657 976 2688 Lib.
993 2659 1023 2688 3.
1040 2669 1067 2689 c.
1084 2658 1136 2690 72.

947 2701 1053 2742 Nam]
1102 2702 1184 2731 ‘iam
1198 2701 1207 2713 ³
1225 2700 1284 2731 Ra
1304 2700 1363 2740 Lg.
1381 2702 1433 2736 29,
1457 2704 1464 2716 ‘
1477 2710 1552 2730 nam
1566 2700 1574 2712 '
1596 2700 1681 2731 det-t.

904 2744 1022 2775 Iordan
1040 2745 1097 2775 has
1114 2748 1122 2761 ‘
1136 2744 1222 2774 iam.’

947 2788 1026 2828 quid
1055 2788 1170 2817 emeris
1194 2789 1251 2816 ant
1273 2786 1352 2826 quid
1376 2785 1552 2826 locareris]

904 2841 998 2862 cause
1023 2841 1088 2871 you
1113 2833 1232 2861 cannot
1258 2830 1344 2859 show
1372 2839 1435 2870 any
1461 2829 1595 2860 written
1615 2830 1680 2860 evi-

903 2874 1004 2906 dence
1028 2874 1066 2904 of
1087 2874 1176 2905 what
1201 2883 1266 2914 you
1290 2873 1372 2904 have
1397 2872 1525 2913 bought
1540 2883 1576 2903 or
1592 2873 1681 2903 what

1601 2791 1608 2803 ¹
1622 2786 1681 2817 Be-
