1849 3167
499 107 627 150 AOT.
659 108 723 150 II.
755 107 943 150 LIBER
975 108 1253 155 QUINTUS.
1606 111 1689 153 589

85 223 303 265 absentem
332 223 379 265 in
408 239 499 266 reos
528 223 755 274 rettulerit,
787 239 912 265 causa
941 223 1103 265 indicta
1133 224 1272 280 capite
1302 223 1528 275 damnarit,
1558 225 1611 266 ab
1642 239 1690 266 eo

85 304 200 330 nunc
221 290 501 345 hospitiorum
517 290 616 346 jura
641 295 767 345 atque
788 289 923 331 officia
944 305 1195 346 quaeramus
1209 291 1229 332 t>
1260 306 1356 332 cum
1382 290 1554 332 homine
1576 291 1689 332 enim

85 354 248 395 crudeli
274 355 394 396 nobis
415 371 481 397 res
502 361 564 397 est
585 370 641 396 an
661 370 758 396 cum
779 355 869 396 fera
890 360 1017 411 atque
1038 355 1218 396 immani
1243 355 1382 396 bellua
1397 356 1417 396 P
1477 356 1536 397 Te
1556 356 1691 411 patris

84 418 284 461 lacrimae
309 421 360 462 de
389 420 627 462 innocentis
647 420 727 461 filii
750 421 938 476 periculo
962 436 1049 462 non
1078 421 1331 462 movebant:
1364 436 1497 476 quum
1526 427 1692 477 patrem

86 484 201 526 domi
228 485 480 541 reliquisses,
503 486 641 527 filium
665 491 806 528 tecum
833 486 1022 536 haberes,
1045 491 1088 527 te
1112 501 1250 541 neque
1277 502 1476 541 praesens
1496 487 1610 529 filius
1639 488 1691 528 de

85 550 316 592 liberorum
338 552 513 593 caritate
537 567 674 607 neque
705 552 854 594 absens
884 557 1006 607 pater
1036 552 1088 593 de
1117 552 1389 608 indulgentia
1418 553 1558 608 patria
1579 568 1691 594 com-

86 616 297 657 monebat.
360 616 541 658 Catenas
570 617 754 659 habebat
788 617 939 673 hospes
968 622 1067 658 tuus
1098 617 1307 667 Aristeus,
1344 617 1535 660 Dexonis
1565 618 1690 660 filius.

89 680 204 727 Quid
224 681 285 722 ita
299 681 319 722 Ρ
377 681 632 723 Prodiderat
653 682 840 724 classem.
895 682 1019 729 Quod
1039 683 1091 724 ob
1111 683 1383 738 praemium?
1438 683 1694 725 Deseruerat

92 745 386 802 [exercitum]
450 746 564 793 Quid
586 747 865 789 Cleomenes?
924 747 1116 803 Ignavus
1137 748 1288 790 fuerat.
1349 749 1412 790 At
1442 765 1539 791 eum
1569 755 1617 791 tu
1641 750 1694 792 ob

87 812 293 853 virtutem
313 827 466 854 corona
488 818 586 854 ante
608 813 800 854 donaras.
861 813 1094 855 Dimiserat
1114 820 1277 855 nautas.
1339 814 1410 856 Ab
1431 815 1626 857 omnibus
1647 821 1695 856 tu

87 878 324 918 mercedem
346 878 558 919 missionis
589 893 820 933 acceperas.
882 878 1007 920 Alter
1033 894 1187 934 parens
1215 894 1269 920 ex
1296 879 1430 921 altera
1456 886 1578 936 parte
1603 887 1694 922 erat

87 942 359 984 Herbitensis
381 943 608 992 Eubulida,
641 943 767 984 homo
792 944 907 985 domi
934 960 1033 985 suae
1060 944 1198 986 clarus
1226 950 1268 986 et
1292 946 1459 995 nobilis,
1490 947 1564 1002 qui
1594 947 1695 1002 quia

88 1008 356 1050 Cleomenem
376 1008 422 1049 in
443 1008 709 1050 defendendo
730 1009 819 1051 filio
839 1009 1030 1060 laeserat,
1052 1010 1191 1051 nudus
1212 1025 1344 1065 paene
1366 1016 1429 1052 est
1449 1012 1691 1053 destitutus.

90 1073 205 1120 Quid
236 1079 326 1115 erat
359 1079 502 1115 autem
537 1075 650 1130 quod
682 1074 908 1130 quisquam
940 1075 1099 1116 diceret
1129 1081 1203 1116 aut
1233 1075 1513 1118 defenderet?
1574 1077 1694 1119 Cleo-

87 1154 256 1181 menem
284 1139 505 1180 nominare
535 1155 621 1180 non
650 1139 762 1180 licet.
825 1139 888 1181 At
918 1155 1042 1181 causa
1072 1141 1199 1196 cogit.
1260 1141 1457 1191 Moriere,
1484 1141 1520 1183 si
1551 1143 1694 1198 appel-

87 1204 212 1246 laris:
245 1220 467 1260 nunquam
497 1204 612 1246 enim
642 1204 722 1246 iste
752 1204 951 1260 cuiquam
982 1210 1045 1246 est
1074 1206 1344 1248 mediocriter
1372 1207 1573 1249 minatus.
1634 1209 1696 1250 At

89 1270 273 1325 remiges
302 1285 388 1311 non
419 1275 553 1311 erant.
614 1269 862 1311 Praetorem
891 1276 940 1312 tu
970 1272 1173 1313 accusas?
1213 1272 1365 1328 frange
1395 1273 1590 1315 cervices.
1651 1274 1698 1315 Si

88 1351 227 1391 neque
249 1340 487 1391 praetorem
510 1350 649 1391 neque
669 1335 875 1390 praetoris
903 1336 1118 1377 aemulum
1144 1337 1358 1392 appellare
1384 1339 1542 1390 licebit,
1565 1355 1698 1395 quum

87 1400 134 1442 in
154 1401 222 1442 his
244 1401 408 1442 duobus
427 1406 519 1442 tota
539 1416 665 1442 causa
685 1400 754 1451 sit,
777 1401 881 1456 quid
901 1401 1096 1443 futurum
1116 1403 1213 1444 est?

145 1465 320 1507 XLIII.
358 1465 477 1507 Dicit
507 1466 637 1507 etiam
668 1481 839 1508 causam
868 1466 1096 1509 Heraclius
1126 1468 1394 1525 Segestanus,
1427 1470 1553 1512 homo
1583 1471 1698 1513 domi

89 1547 188 1573 suae
208 1531 471 1573 nobilissimo
491 1532 582 1573 1000
603 1537 743 1574 natus.
806 1532 980 1582 Audite,
1002 1539 1051 1575 ut
1071 1539 1212 1576 vestra
1232 1534 1476 1578 humanitas
1497 1537 1698 1591 postulat,

84 1597 273 1652 judices:
300 1597 482 1638 audietis
502 1597 618 1638 enim
638 1598 690 1638 de
711 1598 882 1654 magnis
902 1598 1181 1641 incommodis
1201 1600 1455 1656 injuriisque
1476 1602 1696 1643 sociorum.

91 1662 221 1703 Hunc
252 1661 400 1703 scitote
430 1661 558 1703 fuisse
589 1662 840 1704 Heraclium
879 1663 925 1704 in
957 1679 1005 1705 ea
1035 1679 1160 1706 causa
1196 1665 1270 1720 qui
1309 1672 1483 1720 propter
1524 1682 1699 1722 gravem

91 1727 287 1768 morbum
307 1726 525 1767 oculorum
549 1732 641 1768 tum
666 1743 753 1768 non
780 1728 998 1784 navigarit
1020 1734 1062 1770 et
1087 1730 1211 1786 jussu
1232 1731 1322 1786 ejus
1344 1731 1418 1786 qui
1444 1737 1697 1786 potestatem

91 1791 242 1833 habuit
264 1790 568 1832 in'commeatu
589 1791 808 1847 Syracusis
829 1794 1091 1835 remanserit.
1154 1795 1198 1836 Is
1225 1802 1338 1837 certe
1366 1811 1503 1852 neque
1524 1797 1699 1839 classem

92 1857 282 1912 prodidit
312 1872 448 1912 neque
479 1862 598 1898 metu
626 1858 877 1912 perterritus
908 1858 1022 1914 fugit
1061 1875 1199 1915 neque
1235 1861 1468 1902 exercitum
1499 1863 1698 1905 deseruit.

94 1923 268 1964 Etenim
289 1928 391 1964 tunc
413 1928 520 1964 esset
540 1923 621 1964 hoc
643 1924 997 1974 animadversum,
1015 1940 1147 1980 quum
1168 1925 1311 1967 classis
1332 1925 1550 1982 Syracusis
1572 1929 1697 1983 profi-

94 1988 341 2030 ciscebatur.
404 1988 449 2029 Is
479 1994 622 2029 tamen
652 1989 697 2029 in
729 1989 875 2030 eadem
905 2004 1030 2031 causa
1060 1990 1154 2040 fuit,
1187 1992 1306 2046 quasi
1337 1998 1445 2034 esset
1481 1993 1526 2034 in
1556 1993 1700 2050 aliquo

93 2053 320 2095 manifesto
360 2053 514 2095 scelere
555 2054 853 2108 deprehensus,
888 2054 933 2095 in
969 2070 1096 2110 quem
1131 2071 1185 2098 nc
1226 2056 1321 2098 falsi
1362 2057 1534 2113 quidem
1575 2075 1699 2101 eausa

139 2167 358 2209 Boset-uerat]
407 2171 415 2184 ‘
430 2167 618 2198 Exercitum
633 2168 641 2180 '
673 2179 736 2198 om.
766 2168 794 2199 R
807 2171 826 2199 3
838 2168 874 2205 C,
919 2170 1039 2206 marks,
1057 2174 1066 2187 ‘
1077 2171 1162 2211 quod
1178 2182 1235 2212 per
1250 2183 1282 2202 se
1298 2183 1361 2203 non
1378 2175 1594 2213 spernendum
1619 2179 1666 2206 ost
1679 2176 1700 2212 ;’

96 2212 228 2251 Zumpt,
260 2211 324 2242 and
350 2211 480 2241 Iordan.
520 2211 694 2250 ‘Intelligc
717 2212 873 2242 elassem'
920 2214 984 2243 and
1012 2214 1087 2245 that
1113 2214 1138 2244 is
1165 2215 1256 2255 quite
1282 2219 1366 2246 true.
1415 2217 1473 2248 We
1499 2222 1617 2249 0111111οῒ
1641 2220 1698 2250 tell

98 2254 260 2296 (Im-dan).
920 2256 1068 2287 whether
1084 2258 1163 2288 such
1182 2259 1358 2289 variations
1375 2271 1409 2290 as
1426 2260 1492 2290 this
1509 2272 1563 2291 ure
1583 2262 1646 2293 dne
1663 2265 1698 2293 to

141 2298 234 2339 ante]
283 2298 345 2337 Lg.
370 2298 389 2328 5
415 2299 457 2328 14·
482 2298 522 2329 27
550 2297 632 2327 have
660 2301 774 2328 ‘aurea
790 2298 810 2334 ;'
847 2298 875 2328 R
921 2300 978 2330 the
995 2300 1081 2330 hand
1097 2302 1134 2331 of
1155 2302 1211 2332 the
1227 2303 1357 2337 author,
1375 2314 1411 2333 or
1427 2307 1462 2334 to
1479 2305 1528 2334 bis
1545 2306 1698 2345 copvistS.

96 2341 154 2371 has
171 2345 179 2358 ⁴
192 2343 270 2371 ante
280 2341 300 2377 ς’
325 2341 389 2371 and
406 2341 550 2380 plerique
566 2341 649 2370 dett.
667 2344 675 2357 ‘
689 2342 808 2371 antea?
919 2344 1035 2373 Caesar
1053 2344 1105 2384 (Β.
1124 2345 1162 2374 G.
1185 2355 1214 2375 v.
1244 2346 1298 2385 25)
1323 2347 1433 2377 writes
1459 2351 1467 2364 ‘
1479 2339 1611 2378 sunnno=
1630 2349 1699 2380 loeo

140 2384 246 2414 nudus
263 2406 270 2414 .
289 2407 296 2414 .
313 2383 516 2424 destitutum]
564 2384 721 2423 Compare
744 2385 814 2414 Lib.
843 2386 873 2415 2.
919 2387 1038 2416 nutus)

98 2437 126 2457 0.
161 2427 215 2462 26,
250 2426 356 2456 ‘solus
383 2427 593 2461 destitutus?
618 2427 690 2457 Lib.
714 2429 744 2457 3.
769 2439 796 2458 (·.
821 2429 872 2464 26,
963 2429 995 2459 in
1011 2440 1049 2459 ea
1066 2441 1166 2460 eausa
1184 2431 1256 2473 qui]
1304 2433 1381 2463 This
1397 2433 1423 2463 is
1439 2444 1512 2475 easy
1531 2437 1566 2465 to
1579 2435 1698 2466 under-

100 2469 257 2500 ‘destitui
273 2469 351 2499 alios
376 2470 409 2499 in
437 2470 584 2499 convivio
596 2469 617 2506 ς’
642 2470 714 2500 Lib.
731 2472 761 2501 4.
778 2482 804 2502 e.
822 2473 875 2507 40,
921 2473 1028 2509 stand,
1052 2474 1189 2505 difficnlt
1215 2478 1250 2506 to
1265 2486 1403 2516 express,
1452 2478 1483 2508 It
1508 2478 1534 2507 is
1558 2479 1591 2508 in
1616 2479 1697 2509 form

97 2517 105 2530 ‘
119 2513 306 2552 nudumque
323 2512 530 2543 destituant?
922 2515 987 2547 like
1011 2520 1019 2533 ‘
1033 2517 1188 2557 ejusmodi
1203 2519 1211 2531 '
1235 2519 1383 2550 followed
1411 2520 1453 2560 by
1478 2525 1486 2537 ‘
1500 2522 1561 2556 nt,'
1592 2522 1696 2552 which

140 2556 187 2586 Ac
217 2578 224 2585 .
251 2578 258 2585 .
280 2555 403 2595 ertum]
451 2559 460 2572 ‘
473 2556 513 2586 ad
539 2556 676 2594 remiges
698 2557 877 2588 nonernnt’
924 2562 932 2576 ‘
946 2560 1003 2590 nt’
1020 2560 1046 2589 is
1062 2571 1080 2591 a
1096 2561 1177 2591 form
1196 2563 1233 2592 of
1245 2567 1251 2578 ‘
1266 2563 1344 2602 qni.'
1391 2568 1399 2580 ‘
1412 2564 1481 2594 Yon
1498 2567 1585 2594 must
1603 2564 1697 2595 know

98 2599 138 2629 R.
184 2598 261 2628 This
277 2598 357 2628 kind
373 2599 410 2628 of
422 2599 560 2629 blnnder
576 2599 601 2629 is
617 2600 821 2631 instructive.
923 2602 998 2633 that
1014 2603 1072 2634 the
1088 2614 1160 2635 ease
1175 2606 1212 2635 of
1226 2605 1396 2636 Herm-lius
1407 2617 1470 2636 was
1484 2607 1558 2640 this.
1571 2607 1642 2638 that
1659 2608 1698 2638 he

141 2643 194 2671 43.
234 2641 429 2681 Ilm-aelius]
492 2642 559 2672 'rhu
592 2642 697 2673 Greek
729 2643 755 2673 is
786 2645 877 2683 Ἠρα-
922 2645 978 2676 did
994 2649 1052 2677 not
1062 2648 1132 2687 join
1150 2648 1207 2678 the
1224 2649 1320 2682 fleet.'
1337 2650 1392 2679 &a
1441 2649 1491 2679 lle
1508 2650 1571 2680 haul
1588 2656 1595 2667 ⁴
1610 2651 1698 2681 leuve

99 2685 216 2716 κλεῑος.
262 2684 330 2714 The
359 2684 453 2715 MSS.
486 2685 568 2715 have
598 2686 688 2716 often
715 2687 772 2717 the
795 2688 877 2718 form
904 2689 959 2719 ’of
985 2690 1141 2721 absence!
1196 2691 1264 2721 The
1296 2692 1390 2721 Mss.
1422 2693 1557 2733 reading
1588 2694 1614 2723 is
1645 2700 1652 2711 ⁴
1665 2695 1697 2725 in

99 2732 108 2745 ‘
123 2727 322 2758 Herm-leus)
923 2734 1128 2769 connneatnss
1146 2733 1271 2772 though
1290 2741 1297 2750 ⁸
1311 2745 1383 2764 enin
1402 2740 1584 2767 eonnnentu
1599 2737 1606 2749 '
1623 2737 1649 2767 is
1665 2738 1697 2767 in

142 2770 363 2811 nobilissimo]
411 2771 441 2800 R
462 2773 492 2801 3.
552 2771 620 2802 'rho
669 2772 752 2803 dett.
795 2773 876 2805 bave
921 2786 1008 2806 some
1024 2776 1173 2806 edition&
1221 2777 1305 2807 Both
1330 2778 1438 2809 modos
1462 2780 1499 2809 of
1517 2781 1698 2819 expression

100 2813 266 2844 ‘summo-³
315 2826 328 2845 ς
345 2814 402 2844 bas
426 2818 434 2830 ‘
447 2814 543 2845 1101110
558 2814 644 2845 domi
660 2826 735 2846 suae
751 2816 876 2854 nobilis,
921 2828 976 2849 are,
1003 2819 1091 2849 used.
1138 2818 1238 2850 Orelli
1259 2821 1359 2851 refers
1383 2825 1418 2852 to
1444 2822 1537 2856 Livv.
1554 2823 1583 2854 7.
1601 2834 1627 2853 e.
1645 2826 1698 2857 39,

99 2867 225 2888 summo
248 2856 318 2888 loco
343 2857 462 2894 natus:
487 2867 529 2889 on
554 2858 659 2890 which
686 2859 804 2891 lordan
829 2871 877 2892 re·
923 2862 972 2893 for
988 2862 1044 2893 the
1061 2863 1243 2903 expression
1261 2864 1315 2895 ‘in
1332 2856 1698 2898 commeatusmittere!
