1849 3167
512 112 640 156 AOT.
673 113 738 155 Π.
771 113 958 156 LIBER
990 113 1270 160 QUINTUS.
1609 115 1692 158 561

89 225 368 282 religionibus
389 227 608 269 foederum
627 232 822 270 sanctum
843 243 890 269 ac
912 226 1178 283 diligentem.
1242 228 1399 271 Omnes
1426 228 1500 284 qui
1525 232 1624 270 ante
1649 233 1692 270 te

89 291 263 333 fuerunt
302 297 516 347 praetores
552 293 762 334 dedantur
794 292 1078 342 Mamertinis,
1113 293 1227 348 quod
1265 293 1318 334 iis
1357 309 1511 334 navem
1546 298 1693 335 eontra

88 357 328 411 pactionem
361 358 541 399 foederis
582 358 847 414 imperarint.
914 357 998 399 Sed
1037 363 1182 399 tamen
1222 363 1283 408 tu,
1316 364 1458 400 sancte
1488 359 1614 400 homo
1645 374 1692 400 ac

88 422 297 478 religiose,
331 439 405 465 eur
435 424 804 465 Tauromenitanis
839 424 944 466 item
979 423 1206 465 foederatis
1245 439 1401 464 navem
1439 423 1693 478 imperasti?

87 487 162 528 An
191 488 270 530 hoe
291 489 485 543 probabis
507 489 553 530 in
574 504 707 544 aequa
727 505 852 530 causa
878 489 1132 544 populorum
1162 489 1252 530 sine
1272 489 1408 544 pretio
1429 489 1596 529 varium
1622 488 1693 544 jus

89 557 132 594 et
152 553 364 609 disparem
386 555 672 596 conditionem
692 554 856 596 fuisse?
918 554 1033 600 Quid
1064 554 1099 595 si
1130 554 1337 610 ejusmodi
1364 569 1452 595 esse
1481 553 1585 595 haec
1610 554 1693 594 duo

88 617 258 659 foedera
302 619 482 660 duorum
527 619 792 675 populorum,
837 619 1014 676 judices,
1057 620 1197 670 doceo,
1238 624 1287 661 ut
1327 619 1695 660 Tauromenitanis

88 683 342 726 nominatim
373 690 545 726 cautum
575 690 617 726 et
647 690 873 740 exceptum
908 685 963 726 sit
993 684 1173 734 foedere,
1205 700 1260 726 ne
1295 699 1449 726 navem
1485 684 1584 725 dare
1621 683 1692 724 de-

88 749 241 799 beant;
284 749 555 791 Mamertinis
594 750 640 791 in
680 750 771 806 ipso
801 750 969 792 foedere
1000 755 1195 792 sanctum
1228 755 1356 806 atque
1386 749 1695 805 praescriptum

88 813 156 862 sit,
194 819 242 854 ut
281 829 435 855 navem
475 815 575 856 dare
614 830 781 857 necesse
814 815 893 865 sit-‚3
935 815 1065 856 istum
1106 820 1249 857 autem
1287 820 1435 857 eontra
1474 814 1621 856 foedus
1654 819 1696 855 et

89 877 458 920 Tauromenitanis
502 880 729 935 imperasse
777 885 818 922 et
868 880 1139 922 Mamertinis
1189 881 1398 922 remisisse
1416 881 1436 922 ⁴?
1485 880 1695 935 numquid

89 943 267 985 dubium
296 945 453 999 poterit
483 961 570 987 esse
601 946 707 1001 quin
734 945 869 987 Verre
896 950 1089 999 praetore
1113 946 1209 1001 plus
1237 946 1507 987 Mamertinis
1538 946 1696 1001 cybaea

87 1024 217 1064 quam
238 1009 606 1052 Tauromenitanis
626 1011 771 1052 foedus
799 1011 1056 1066 opitulatum
1086 1012 1175 1053 sit?
1234 1011 1489 1053 Recitentur
1509 1011 1692 1052 foedera.

88 1075 188 1116 XX.
227 1075 317 1117 Isto
349 1077 485 1131 igitur
520 1082 593 1118 tuo
628 1077 986 1132 quemadmodum
1025 1077 1114 1131 ipse
1149 1077 1367 1132 praedicas
1399 1076 1614 1125 beneficio,
1646 1081 1696 1117 ut

89 1156 155 1182 res
179 1141 353 1191 indicat,
375 1141 513 1196 pretio
534 1147 661 1197 atque
682 1142 887 1191 mercede,
905 1141 1100 1183 minuisti
1120 1142 1385 1197 majestatem
1406 1142 1468 1183 rei
1487 1141 1694 1196 publicae,

88 1206 284 1248 minuisti
304 1207 465 1248 auxilia
485 1207 633 1262 populi
653 1207 851 1256 Romani,
869 1207 1065 1248 minuisti
1085 1207 1225 1261 copias
1246 1207 1456 1262 majorum
1476 1207 1635 1248 virtute
1649 1221 1697 1247 ac

89 1271 298 1326 sapientia
326 1277 601 1327 comparatas,
625 1272 834 1314 sustulisti
859 1272 930 1328 jus
958 1272 1140 1327 imperii,
1163 1273 1450 1314 conditionem
1474 1272 1696 1320 sociorum,

87 1337 336 1379 memoriam
371 1337 564 1379 foederis.
628 1337 713 1384 Qui
748 1353 802 1379 ex
836 1337 1003 1378 foedere
1044 1338 1136 1392 ipso
1176 1353 1331 1379 navem
1361 1337 1430 1379 vel
1468 1352 1602 1391 usque
1644 1336 1698 1377 ad

90 1402 319 1453 Oceanum,
343 1402 378 1444 si
398 1403 736 1458 impemssemus,
760 1407 933 1458 sumptu
952 1402 1225 1458 periculoque
1247 1418 1320 1444 suo
1342 1407 1550 1444 armatam
1571 1406 1698 1456 atque

90 1474 286 1511 ornatam
309 1469 481 1511 mittere
502 1469 753 1519 debuerunt,
776 1469 808 1509 ii
835 1484 889 1510 ne
913 1468 960 1510 in
980 1468 1090 1510 freto
1112 1474 1211 1510 ante
1239 1484 1313 1510 sua
1338 1473 1450 1509 tecta
1479 1472 1521 1508 et
1548 1467 1693 1508 domos

88 1534 356 1590 navigarent,
379 1551 432 1576 ne
453 1551 528 1577 sua
548 1535 716 1576 moenia
739 1539 971 1590 portusque
992 1534 1282 1586 defenderent,
1305 1534 1442 1589 pretio
1464 1533 1538 1575 abs
1562 1537 1604 1573 te
1626 1532 1698 1588 jus

90 1599 271 1641 foederis
295 1606 337 1641 et
362 1600 533 1656 imperii
560 1600 848 1642 conditionem
868 1600 1153 1641 redemerunt.
1217 1599 1330 1646 Quid
1355 1599 1534 1641 censetis
1554 1598 1601 1639 in
1620 1598 1700 1639 hoc

89 1664 257 1706 foedere
288 1665 486 1707 faciundo
521 1665 702 1707 voluisse
735 1665 1015 1706 Mamertinos
1050 1665 1296 1720 impendere
1326 1664 1494 1714 laboris,
1530 1679 1694 1718 operae,

90 1730 306 1785 pecuniae,
328 1745 382 1771 ne
401 1730 505 1771 haec
525 1730 698 1772 biremis
721 1730 1043 1780 adscriberetur,
1067 1731 1103 1771 si
1133 1731 1178 1771 id
1207 1731 1295 1772 ullo
1325 1730 1449 1771 modo
1473 1733 1644 1784 possent
1675 1744 1700 1769 a

91 1796 247 1837 nostris
268 1795 498 1852 majoribus
518 1795 782 1850 impetrare?
833 1795 959 1844 Nam,
975 1810 1108 1850 quum
1128 1796 1208 1837 hoc
1228 1811 1382 1836 munus
1403 1795 1700 1849 imponebatur

92 1866 181 1903 tam
204 1877 333 1917 grave
354 1860 532 1910 civitati,
555 1860 694 1901 inerat
715 1859 854 1901 nescio
877 1875 960 1915 quo
981 1861 1105 1901 modo
1132 1861 1178 1901 in
1204 1860 1278 1900 illo
1299 1860 1465 1901 foedere
1487 1859 1700 1901 societatis

93 1927 214 1982 quasi
234 1927 441 1982 quaedam
466 1931 567 1967 nota
595 1926 823 1967 servitutis.
887 1925 1011 1971 Quod
1041 1930 1132 1966 tum
1165 1925 1404 1966 recentibus
1430 1924 1515 1965 suis
1537 1924 1696 1974 officiis,

91 1992 261 2047 integra
282 2008 338 2042 re,
362 1991 491 2033 nullis
512 1991 659 2046 populi
680 1990 864 2032 Romani
885 1990 1218 2038 difficultatibus,
1242 2005 1266 2030 a
1287 1989 1517 2045 majoribus
1541 1989 1698 2031 nostris

93 2057 260 2099 foedere
281 2056 446 2112 assequi
475 2072 561 2097 non
585 2061 829 2112 potuerunt,
852 2055 897 2097 id
927 2070 1054 2105 nunc,
1077 2055 1195 2096 nullo
1217 2054 1351 2096 officio
1373 2070 1459 2104 suo,
1482 2060 1546 2098 tot
1577 2054 1701 2098 annis

138 2213 276 2255 cybaea]
325 2213 383 2244 See
400 2213 472 2244 Lib.
489 2214 519 2244 4.
537 2224 563 2243 e.
580 2214 610 2244 8.

139 2258 191 2288 20.
222 2256 445 2298 majestatem]
509 2258 567 2287 Sec
599 2256 670 2286 Lih.
701 2256 731 2286 4.
763 2266 790 2286 c.
821 2256 874 2291 41,

97 2302 166 2331 ‘est
191 2300 394 2340 majestatisss
415 2301 470 2330 ἃς.
517 2300 628 2330 Cicero
655 2299 718 2339 (De
744 2299 874 2329 Invent.

96 2343 129 2373 ii.
147 2342 201 2383 17)
220 2343 276 2373 has
303 2354 322 2373 a
347 2343 461 2373 formal
489 2343 658 2373 (lelinition
683 2342 720 2372 of
743 2342 875 2381 ‘majes-

97 2388 202 2417 tatem
235 2386 381 2416 minuere
396 2386 414 2416 :³
454 2386 692 2425 “Maiestatem
732 2385 876 2415 minnere

97 2431 147 2459 est
164 2429 203 2459 de
218 2429 382 2468 dignitate
398 2432 457 2459 aut
472 2429 687 2469 amplitudine
698 2431 756 2459 ant
771 2431 876 2468 potes-

97 2474 168 2502 tate
192 2472 301 2512 popnli
325 2475 383 2502 aut
406 2482 517 2502 eorum
541 2472 657 2511 qnibns
681 2474 876 2511 potestatem

98 2515 200 2551 (ledit,
225 2515 354 2555 aliquod
377 2515 565 2555 derogure.''
611 2514 689 2544 This
707 2514 876 2545 definition

99 2560 158 2588 not
187 2557 263 2598 only
295 2558 526 2597 eomprehends
560 2558 616 2588 the
647 2568 717 2588 case
746 2558 780 2588 in
811 2558 877 2589 this

99 2601 298 2640 chapter—a
310 2601 415 2631 direct
431 2600 543 2631 attack
555 2611 596 2631 on
613 2601 669 2631 the
687 2601 856 2641 ‘majestas
866 2601 875 2614 ’

99 2644 136 2674 of
154 2644 211 2674 the
228 2643 353 2673 Roman
377 2644 499 2683 people,
516 2644 577 2674 but
600 2644 665 2675 also
683 2654 746 2684 un)⁷
763 2643 876 2679 attnck

99 2697 141 2717 on
165 2687 222 2716 the
245 2687 414 2727 authority
432 2697 468 2716 or
491 2687 619 2727 dignity
644 2687 681 2717 of
699 2687 790 2720 those
806 2685 877 2719 xi'ho

100 2740 154 2760 are
171 2729 228 2759 the
247 2731 518 2769 rep1··.=sent21tives
533 2731 570 2761 of
589 2730 645 2765 the
661 2730 782 2770 people,
798 2730 877 2761 such

101 2783 135 2802 as
150 2772 207 2802 thc
220 2772 336 2812 higher
353 2776 362 2789 ‘
374 2773 609 2812 nuigistratus?
647 2773 715 2803 The
731 2783 879 2814 passages

101 2815 244 2856 relating
266 2818 302 2846 to
326 2819 334 2832 ‘
347 2816 520 2856 majestas?
544 2816 578 2846 in
601 2816 658 2847 the
677 2816 879 2856 Republicmi

101 2858 223 2899 period,
241 2868 295 2889 are
305 2859 461 2891 collected
476 2859 518 2900 by
532 2859 667 2896 Becker,
681 2859 878 2897 Handbuch,

157 2915 253 2944 VOL.
286 2915 315 2942 1.

919 2212 952 2243 ii.
970 2213 1000 2249 2,
1017 2223 1047 2252 p.
1064 2213 1117 2244 69.
1162 2213 1230 2242 The
1255 2212 1425 2252 ‘majestas
1437 2212 1444 2224 ’
1464 2212 1501 2242 of
1519 2212 1576 2245 the
1594 2212 1700 2252 Impe-

919 2256 980 2286 rial
997 2256 1107 2296 period
1124 2256 1149 2286 is
1165 2266 1183 2286 a
1200 2256 1350 2287 ‹lill'erent
1368 2255 1474 2294 thing.

954 2300 1016 2340 jus
1035 2298 1204 2339 foedet-is]
1265 2303 1272 2316 ‘
1284 2299 1345 2330 Jus
1357 2299 1364 2309 '
1395 2309 1505 2328 means
1535 2298 1612 2329 here
1643 2298 1700 2329 the.

920 2342 1004 2383 duty
1020 2342 1125 2373 which
1142 2342 1199 2374 the
1217 2348 1223 2358 “
1235 2342 1347 2373 foedus
1358 2342 1365 2354 '
1383 2341 1525 2382 imposed
1541 2352 1582 2372 on
1598 2341 1700 2371 them.

921 2385 989 2416 The
1014 2387 1098 2416 term
1119 2385 1351 2425 eomprehends
1377 2396 1395 2415 a
1416 2384 1555 2415 demand
1579 2395 1620 2415 on
1643 2384 1700 2415 the

920 2429 987 2459 side.
1012 2429 1050 2458 of
1069 2428 1170 2459 Rome
1194 2428 1258 2459 and
1282 2439 1301 2463 a
1323 2428 1406 2468 duty
1425 2438 1467 2458 on
1491 2428 1547 2459 the
1571 2430 1645 2468 part
1669 2428 1706 2457 of

922 2471 979 2502 the
997 2471 1197 2507 Mamertini.
1221 2471 1289 2502 The
1307 2476 1314 2488 ‘
1328 2471 1454 2511 imperii
1466 2471 1701 2501 eonditionem’

921 2515 947 2545 is
977 2515 1034 2545 the
1065 2516 1166 2546 ternis
1196 2525 1238 2545 011
1265 2515 1371 2550 which.
1399 2514 1501 2548 Rome
1532 2514 1618 2544 rules
1643 2514 1701 2543 her

920 2558 1073 2599 subjects.

964 2601 1144 2631 recentibus
1162 2625 1169 2631 .
1188 2624 1195 2631 .
1211 2600 1356 2642 Qffi1'1'f⁸›]
1405 2600 1457 2630 He
1473 2610 1574 2630 seems
1598 2602 1633 2630 to
1656 2599 1698 2629 al-

921 2644 996 2675 lude
1011 2647 1047 2675 to
1062 2645 1119 2675 the
1135 2644 1215 2674 time
1228 2644 1321 2674 when
1343 2644 1399 2674 the
1422 2642 1611 2673 Mamertini
1628 2642 1700 2672 first

916 2687 1029 2728 joined
1052 2688 1109 2718 the
1134 2687 1286 2721 Romans,
1312 2695 1375 2717 Βάκ
1400 2686 1463 2716 261
1486 2685 1664 2726 (l’olybiuS,
1680 2685 1702 2714 i.

922 2731 953 2767 7,
970 2731 1051 2771 ἀφ).
1091 2731 1183 2761 Dett.
1200 2730 1263 2760 and
1280 2729 1379 2759 Orelli
1396 2729 1478 2760 huvc
1495 2736 1502 2744 ⁸
1515 2729 1603 2758 nullo
1619 2738 1701 2758 novo

922 2774 1046 2805 officio?
1094 2778 1101 2790 ‘
1115 2774 1251 2813 Integra
1281 2782 1315 2802 re
1329 2772 1346 2802 :’
1378 2772 1474 2802 while
1504 2771 1560 2803 the
1592 2774 1701 2811 trenty

922 2828 987 2848 was
1003 2817 1071 2848 still
1086 2817 1190 2848 under
1205 2815 1454 2852 consideration,
1471 2814 1579 2846 before
1595 2815 1622 2845 it
1638 2824 1706 2846 was

922 2860 1027 2891 made.

1407 2916 1477 2942 00
