1849 3167
528 111 656 154 AOT.
688 111 752 153 ΙΙ.
784 109 974 152 LIBER
1003 109 1272 152 TERTIUS.
1620 111 1703 153 375

102 241 157 267 ex
176 225 432 281 injuriarum
470 226 782 282 magnitudine,
823 224 1096 281 improbitate
1135 226 1412 274 decretorum,
1445 224 1705 280 judiciorum

102 291 342 346 iniquitate,
375 291 450 347 qui
479 292 557 333 hoc
587 308 673 333 non
698 292 953 348 jamdudum
982 291 1179 332 statuerit
1200 306 1248 332 ac
1263 290 1501 346 judicarit?
1560 291 1707 331 Etiam

103 372 203 398 sane
224 358 278 398 sit
300 358 453 413 aliquis
474 358 715 399 dissolutior
735 358 782 398 in
797 357 1041 413 judicando,
1063 356 1222 412 legum,
1246 356 1384 406 officii,
1407 356 1469 396 rei
1498 356 1705 410 publicae,

103 423 310 463 sociorum
332 428 459 478 atque
483 424 715 465 amicorum
745 423 1060 478 negligenti0r3
1093 423 1209 477 quid,
1244 422 1280 462 is
1306 421 1493 476 possitne
1514 422 1565 461 de
1585 421 1707 462 istius

102 487 374 543 improbitate
396 490 602 539 dubitare,
625 503 758 545 quum
778 493 898 530 tanta
918 488 1036 529 lucra
1056 488 1181 538 facta,
1199 493 1289 528 tam
1304 488 1472 542 iniquas
1492 487 1708 542 pactiones

101 553 146 595 vi
167 559 209 595 et
229 560 347 596 metu
367 570 584 610 expressas
605 554 863 610 cognoverit,
890 553 1065 610 [quum]
1092 558 1212 595 tanta
1231 553 1420 608 praemia
1450 552 1644 593 civitates
1664 552 1710 593 vi

101 624 143 660 et
163 619 354 674 imperio,
377 621 598 676 virgarum
619 636 666 662 ac
685 620 833 661 mortis
852 626 982 669 metu,
1005 635 1091 661 non
1112 620 1236 660 modo
1256 618 1449 673 Apronio
1470 623 1596 673 atque
1617 617 1709 673 ejus

103 685 314 727 similibus
336 702 485 727 verum
506 687 635 728 etiam
656 686 860 727 Venereis
882 686 1013 727 servis
1033 686 1135 727 dare
1155 689 1318 726 coactas
1332 684 1352 725 Ρ
1413 683 1537 730 Quod
1558 683 1593 724 si
1614 683 1709 738 quis

102 750 311 792 sociorum
330 751 606 793 incommodis
626 751 767 792 minus
788 756 1077 792 commovetur
1092 766 1101 801 ;
1134 750 1170 791 si
1190 765 1317 805 quem
1337 754 1553 790 aratorum
1565 749 1706 804 fugae,

102 816 377 866 calamitates,
401 817 562 867 exsilia,
585 817 809 872 suspendia
830 817 1011 872 denique
1031 831 1117 858 non
1133 820 1405 871 permovent;
1436 830 1523 856 non
1538 829 1710 869 possum

103 882 297 923 dubitare
319 883 423 937 quin
444 883 479 924 is
499 888 655 933 tamen,
679 898 811 938 quum
830 888 1040 924 vastatam
1061 882 1262 931 Siciliam,
1286 881 1454 922 relictos
1484 895 1622 936 agros,
1654 895 1709 921 ex

103 947 327 988 civitatum
348 948 483 990 literis
504 954 546 990 et
567 949 745 1003 epistola
765 948 814 989 L.
838 948 1004 989 Metelli
1025 947 1285 1003 cognoverit,
1309 951 1467 987 statuat
1499 945 1592 987 fieri
1621 960 1709 986 non

103 1028 222 1068 posse
243 1019 290 1054 ut
312 1014 364 1054 de
384 1014 465 1055 isto
485 1029 571 1055 non
592 1013 853 1055 severissime
869 1013 1097 1069 judicetur.
1159 1012 1257 1053 Erit
1289 1012 1442 1067 aliquis
1475 1012 1605 1052 etiam
1635 1011 1710 1066 qui

103 1078 207 1120 haec
228 1079 370 1120 omnia
391 1079 654 1121 dissimulare
676 1094 723 1120 ac
744 1079 965 1134 negligere
985 1078 1129 1132 possit.
1190 1076 1336 1118 Attuli
1356 1077 1599 1133 sponsiones
1619 1076 1710 1131 ipso

102 1150 324 1199 praesente
346 1145 478 1187 factas
505 1146 557 1186 de
590 1146 865 1186 decumarum
886 1144 1098 1193 societate,
1133 1144 1186 1184 ab
1218 1143 1309 1197 ipso
1339 1142 1577 1197 prohibitas
1593 1142 1708 1198 judi-

103 1210 218 1251 cari:
251 1211 355 1265 quid
385 1216 448 1252 est
478 1211 591 1265 quod
619 1210 752 1265 possit
782 1209 1008 1265 quisquam
1034 1208 1301 1250 manifestius
1330 1208 1410 1249 hoc
1440 1207 1711 1249 desiderare?

102 1275 203 1317 Non
237 1275 385 1317 dubito
421 1276 527 1331 quin
561 1275 680 1317 vobis
715 1274 1004 1325 satisfecerim,
1036 1274 1226 1330 judices3
1278 1278 1573 1315 verumtamen
1614 1288 1711 1328 pro-

103 1342 274 1397 grediar
294 1342 477 1396 longius,
499 1356 586 1383 non
607 1340 848 1382 mehercule
869 1355 952 1395 quo
980 1339 1099 1381 vobis
1130 1339 1268 1394 magis
1300 1339 1380 1380 hoc
1411 1339 1714 1394 persuadeatur

103 1422 232 1462 quam
247 1407 339 1463 jam
359 1422 606 1462 persuasum
627 1422 714 1448 esse
735 1406 911 1455 confido,
935 1405 1009 1447 sed
1028 1410 1076 1446 ut
1091 1405 1165 1446 ille
1181 1404 1409 1460 aliquando
1423 1404 1714 1459 impudentiae

103 1487 202 1514 suae
215 1472 345 1514 finem
358 1473 499 1522 faciat,
518 1472 746 1528 aliquando
760 1471 926 1513 desinat
948 1486 996 1512 ea
1017 1486 1060 1512 se
1081 1475 1232 1527 putare
1258 1469 1420 1526 [posse]
1438 1485 1589 1518 emere,
1605 1485 1713 1525 quae

102 1538 192 1593 ipse
213 1554 377 1594 semper
398 1538 548 1579 habuit
569 1538 750 1587 venalia,
773 1538 913 1587 fidem,
931 1537 1247 1594 jusjurandum,
1261 1536 1499 1584 veritatem,
1515 1535 1711 1586 officium,

103 1603 367 1659 religionem,
409 1604 606 1645 desinant
646 1604 773 1645 amici
822 1604 913 1660 ejus
953 1618 1002 1644 ea
1042 1603 1252 1651 dictitare,
1294 1617 1402 1657 quae
1441 1601 1710 1650 detrimento,

103 1669 305 1719 maculae,
338 1669 537 1719 invidiae,
569 1668 771 1710 infamiae
801 1669 923 1711 nobis
954 1668 1150 1710 omnibus
1180 1683 1269 1709 esse
1298 1667 1474 1722 possint.
1536 1665 1598 1706 At
1638 1667 1712 1721 qui

104 1733 255 1775 amici!
319 1733 354 1774 O
375 1734 578 1775 miserum
599 1738 726 1789 atque
747 1734 1005 1775 invidiosum
1025 1733 1314 1788 offensumque
1335 1746 1565 1786 paucorum
1587 1731 1712 1786 eulpa

104 1804 231 1854 atque
252 1799 511 1853 indignitate
531 1799 725 1840 ordinem
745 1797 1029 1840 senatorium!
1071 1798 1230 1839 Albam
1245 1796 1479 1838 Aemilium
1492 1796 1709 1837 sedentem

103 1865 149 1906 in
181 1865 371 1906 faucibus
400 1864 568 1905 macelli
597 1864 715 1919 loqui
755 1864 897 1919 palam
935 1863 1086 1905 vicisse
1116 1863 1308 1911 Verrem,
1350 1866 1512 1916 emptos
1552 1861 1708 1903 habere

104 1954 201 1995 (1312).

103 1998 212 2029 ‹lia-os?

146 2040 324 2082 sinzilibus]
373 2041 402 2070 V
426 2040 629 2076 ‘militibus‚’
651 2040 757 2070 which
774 2040 789 2069 Ι
807 2039 882 2079 only

103 2088 180 2116 note
205 2088 240 2116 to
264 2095 362 2125 prove
386 2084 462 2115 that
487 2094 528 2114 no
546 2084 616 2113 MS.
633 2094 692 2113 can
709 2083 828 2123 always
844 2083 882 2113 hc

103 2129 261 2159 followed.

928 1956 937 1969 ‘
949 1951 1072 1992 possit?

974 1994 1105 2035 [nosse]
1133 1993 1263 2034 emere‚]
1309 1998 1456 2034 “‘Po-vse
1481 1994 1603 2024 emere'
1632 1994 1706 2024 Vio-

927 2040 1030 2069 torius
1046 2041 1080 2068 et
1090 2049 1158 2077 sqq.
1172 2050 1178 2067 z
1197 2042 1204 2054 ‘
1217 2048 1319 2067 emere
1332 2038 1340 2050 '
1357 2038 1481 2067 codices
1497 2040 1578 2068 noti.
1623 2038 1707 2068 Vide

927 2085 1048 2116 tana-n,
1071 2092 1110 2111 ne
1134 2081 1279 2110 codicum
1303 2081 1465 2121 scriptura
1488 2081 1629 2121 aliquam
1653 2082 1707 2112 de-

928 2125 1103 2155 fensionem
1125 2124 1241 2154 haheat
1260 2135 1297 2154 ex
1313 2124 1409 2154 simili
1434 2124 1595 2154 locutione
1617 2130 1707 2164 ‘spe-

265 1954 377 1986 Cieero
412 1954 578 1995 generally
615 1964 688 1994 says
719 1953 798 1984 ‘hos
828 1953 882 1994 ju-

138 2172 232 2211 Quod
241 2172 271 2201 si
282 2170 370 2211 quis]
391 2171 483 2200 Vhas
495 2169 576 2210 ‘qni’
589 2170 638 2199 foi·
649 2173 658 2186 ‘
669 2169 762 2209 quis)
779 2169 883 2199 'l‘here

102 2215 128 2245 is
145 2226 186 2245 no
203 2215 404 2254 consistency
421 2214 453 2243 in
470 2214 561 2243 these
577 2215 724 2243 matters.
764 2212 883 2252 Zumpt

103 2259 213 2289 writes
246 2258 387 2295 ‘Quodsi
420 2257 513 2297 quisss
545 2256 649 2286 which
686 2256 712 2285 is
751 2267 769 2285 a.
800 2258 884 2286 most

102 2302 224 2332 vicious
243 2312 313 2341 way
330 2302 367 2331 of
386 2301 530 2339 writing,
547 2310 581 2329 as
605 2300 633 2329 if
653 2299 696 2328 ‘si
711 2299 717 2310 ’
742 2309 826 2328 were
850 2302 884 2328 to

102 2345 142 2375 be
158 2344 314 2375 attached
330 2346 365 2375 to
382 2348 390 2360 ‘
401 2344 485 2383 quod
497 2343 516 2379 3’
535 2343 676 2372 whereas
692 2342 784 2372 theri·
801 2342 826 2371 is
843 2352 883 2371 an

103 2388 264 2428 emphasis
287 2398 327 2417 on
353 2387 420 2416 ‘siff
467 2386 565 2416 Klotz
586 2385 695 2416 writes
719 2385 835 2422 ‘Quod
858 2385 884 2414 si

102 2431 157 2472 qui
174 2430 357 2466 Ιςοοὶυιπιηιξ
374 2432 429 2460 &a

147 2474 227 2504 Erit
253 2472 392 2513 aliquis]
439 2472 517 2502 This
544 2471 570 2501 is
596 2471 783 2511 equivalent
806 2472 841 2501 to
865 2480 884 2501 a

103 2517 323 2557 supposition:
349 2517 514 2555 ‘Suppose
538 2515 631 2545 there
650 2514 730 2544 shall
754 2514 820 2544 still
844 2514 883 2544 be

102 2571 189 2590 some
213 2570 272 2589 one
297 2559 369 2589 who
393 2569 451 2589 can
475 2557 642 2596 disregard
666 2557 729 2587 and
753 2568 815 2598 pa)v
844 2567 884 2587 uo

102 2603 268 2634 attention
292 2604 327 2632 to
343 2602 384 2632 all
409 2602 500 2632 these
516 2600 621 2631 fau-ts?
666 2600 744 2630 This
760 2601 841 2630 form
857 2601 884 2630 is

103 2657 191 2677 mor(¹
213 2655 360 2675 common
386 2644 466 2674 with
495 2645 552 2674 the
577 2644 693 2673 vaolul
719 2643 798 2674 than
828 2643 884 2674 the

103 2691 175 2720 first
192 2690 313 2719 future.
359 2688 405 2717 'l‘o
422 2687 487 2718 this
503 2687 660 2726 supposed
677 2698 757 2720 case.
772 2687 884 2717 Cicero

103 2733 228 2772 replies,
255 2732 288 2761 ‘l
313 2731 395 2760 have
422 2731 565 2769 brought
588 2730 644 2760 the
670 2730 882 2770 sponsiones)

104 2776 156 2806 110
174 2776 230 2806 has
243 2774 394 2805 evidenei¹
407 2776 441 2804 to
452 2773 557 2803 which
571 2783 650 2803 even
666 2773 745 2803 sut-h
762 2784 781 2803 a
797 2783 883 2803 care-

101 2819 162 2849 loss
186 2829 311 2859 person,
339 2827 373 2847 as
396 2817 436 2847 he
459 2827 620 2856 suppose&
643 2819 733 2847 must
757 2816 884 2847 attend.

104 2862 224 2893 Iordan
268 2860 507 2901 unneccssarily
545 2859 651 2900 places
688 2871 707 2891 a
746 2859 760 2890 Ρ
799 2860 885 2891 after

928 2179 1006 2198 rare
1038 2168 1115 2197 milti
1147 2167 1277 2197 videm-¹
1301 2179 1333 2196 z
1354 2178 1482 2207 sperari·
1506 2178 1595 2207 possi·
1625 2169 1704 2197 mihi

928 2211 1049 2247 videor,
1066 2210 1105 2241 de
1121 2221 1185 2250 qua
1201 2212 1242 2240 cs.
1260 2211 1390 2250 Zumpt.
1411 2211 1451 2240 ad
1472 2211 1547 2241 Act.
1569 2211 1588 2241 i.
1613 2222 1639 2241 (·.
1666 2212 1706 2243 17

930 2254 1029 2294 (quod
1050 2264 1178 2294 sperare.
1203 2254 1281 2283 mihi
1299 2254 1459 2295 videor).”
1505 2255 1644 2295 Seyffert
1666 2255 1706 2285 ad

932 2297 1019 2327 liael.
1039 2297 1054 2337 ξ
1075 2298 1114 2327 1-5
1133 2297 1294 2337 (on-dan).

972 2340 1206 2381 offenmnnque]
1255 2341 1305 2369 ‘()
1332 2340 1497 2371 wretched
1521 2341 1706 2371 senatorian

928 2384 1032 2419 order,
1046 2384 1121 2414 that
1137 2384 1194 2414 has
1210 2384 1360 2413 incurri-d
1377 2384 1418 2414 all
1435 2384 1501 2414 this
1516 2385 1625 2414 odium
1643 2385 1707 2415 and

929 2427 1074 2466 disgracc
1085 2427 1378 2465 throughthefaull
1395 2427 1458 2457 and
1471 2428 1709 2458 unu·‹›1·thim=ss

927 2471 963 2500 of
986 2481 1004 2501 a
1027 2470 1111 2500 few)
1154 2470 1280 2510 (Comp.
1310 2470 1372 2500 Pro
1399 2471 1560 2505 Cluentio,
1586 2482 1613 2502 υ.
1640 2471 1706 2511 58.)

927 2513 996 2543 'rhu
1006 2513 1108 2543 whole·
1120 2514 1214 2544 order
1224 2514 1249 2543 is
1262 2515 1468 2554 represented
1481 2526 1514 2544 as
1526 2515 1708 2554 stumbling

928 2557 992 2587 and
1024 2557 1230 2597 lloundering
1255 2557 1399 2597 through
1423 2558 1480 2588 tho
1504 2558 1708 2588 misi-‹induvt

929 2600 966 2630 of
977 2610 1064 2630 some
1083 2601 1120 2630 of
1140 2600 1183 2631 its
1204 2600 1373 2630 nwmlwrs.
1420 2600 1578 2640 Compare
1599 2601 1706 2631 l)ivin.

929 2654 955 2673 c.
973 2645 1025 2678 22,
1043 2650 1062 2660 ¹·
1075 2643 1100 2673 si
1114 2644 1280 2674 tantulum
1291 2645 1447 2673 oll'ensum
1461 2644 1708 2684 titubatumque

927 2687 1005 2717 sitff'

972 2730 1091 2760 Albam
1111 2729 1303 2770 .-1‹»niliam]
1340 2730 1374 2759 l‘.
1392 2730 1562 2760 Manutius
1579 2730 1710 2760 colli-ets

928 2773 1011 2803 from
1038 2774 1094 2804 tho
1113 2773 1288 2813 preceding
1312 2773 1416 2803 words
1440 2774 1515 2804 that
1539 2773 1579 2803 he
1603 2784 1667 2803 was
1690 2784 1709 2803 a

928 2819 1069 2847 senator.
1119 2816 1168 2846 110
1185 2816 1341 2856 certainly
1356 2817 1432 2847 bore
1448 2827 1464 2846 a
1482 2820 1573 2856 great
1593 2827 1698 2846 mnne.

974 2860 1008 2890 in
1027 2859 1188 2900 saucibus
1218 2859 1365 2900 macelli]
1421 2860 1535 2891 Cicero
1562 2860 1640 2899 (l‘ro
1674 2859 1708 2888 l‘.
