1849 3167
186 92 269 134 624
767 95 837 140 IN
869 96 914 139 C.
947 96 1204 139 VERREM

183 206 405 247 hominum
426 206 568 262 opinio
589 212 631 249 et
656 208 808 265 religio
828 210 925 260 fert,
947 210 1089 252 sedem
1109 209 1330 266 antiquam
1350 211 1627 269 divinumque
1648 213 1783 256 domi-

183 271 329 313 cilium
368 278 575 315 nocturno
614 274 837 317 latrocinio
873 281 1000 331 atque
1036 275 1200 331 impetu
1240 277 1513 331 compilavit:
1556 280 1686 320 etiam
1725 284 1781 330 te,

181 335 349 392 Apollo,
372 353 499 393 quem
528 339 606 380 iste
629 339 735 382 Chio
766 341 961 382 sustulit:
994 347 1119 395 teque
1149 341 1280 382 etiam
1309 348 1436 397 atque
1463 343 1604 393 etiam,
1627 344 1780 394 Diana,

180 417 310 456 quam
339 403 504 458 Pergae
535 404 744 459 spoliavit,
777 405 898 460 cujus
928 404 1204 446 simulacrum
1239 407 1553 449 sanctissimum
1583 408 1782 463 Segestae

180 468 245 509 bis
276 469 388 524 apud
408 470 659 524 Segestanos
681 476 983 521 consecratum,
1007 471 1136 512 semel
1165 471 1353 527 ipsorum
1383 473 1603 529 religione,
1625 474 1782 515 iterum

179 532 229 574 P.
261 532 458 576 Africani
488 535 679 585 victoria,
711 536 950 578 tollendum
990 538 1376 593 asportandumque
1406 539 1599 580 curavit:
1640 544 1778 594 teque,

179 597 379 650 Mercuri,
398 615 524 655 quem
537 601 692 642 Verres
714 601 760 642 in
781 602 904 643 domo
919 607 961 643 et
981 602 1027 643 in
1047 603 1216 658 privata
1236 603 1378 658 aliqua
1393 603 1603 658 palaestra
1623 604 1778 659 posuit,

177 663 227 704 P.
259 664 490 706 Africanus
529 666 575 706 in
607 667 710 707 urbe
741 666 949 708 sociorum
979 672 1022 708 et
1054 668 1101 708 in
1134 668 1358 723 gymnasio
1390 668 1780 724 Tyndaritanorum

170 728 412 784 juventutis
442 730 615 785 illorum
635 732 852 773 custodem
880 747 927 773 ac
947 732 1185 788 praesidem
1205 733 1341 775 voluit
1361 749 1474 776 esse:
1506 739 1644 790 teque,
1667 734 1778 776 Her-

176 794 301 844 cules,
325 810 451 849 quem
472 795 551 836 iste
571 795 807 852 Agrigenti
833 802 956 838 nocte
983 797 1238 853 intempesta
1265 814 1482 841 servorum
1507 799 1714 841 instructa
1735 804 1778 841 et

175 865 417 914 comparata
446 876 577 902 manu
598 862 834 904 convellere
856 877 910 903 ex
940 862 1026 904 suis
1056 863 1225 905 sedibus
1252 868 1379 919 atque
1407 864 1575 906 auferre
1601 869 1777 907 conatus

174 930 260 965 est:
294 930 431 981 teque,
454 927 720 968 sanctissima
749 933 886 969 mater
907 927 1050 978 Idaea,
1073 944 1202 984 quam
1232 930 1346 985 apud
1365 930 1589 985 Enguinos
1619 944 1775 985 augus-

173 989 335 1031 tissimo
367 996 410 1032 et
449 991 766 1047 religiosissimo
806 993 966 1048 templo
999 993 1058 1035 sic
1098 994 1321 1049 spoliatam
1360 995 1534 1050 reliquit
1573 999 1622 1036 ut
1661 1010 1775 1036 nunc

172 1070 327 1097 nomen
348 1057 471 1098 modo
485 1057 681 1099 Africani
702 1063 744 1099 et
760 1059 942 1114 vestigia
955 1059 1137 1101 violatae
1159 1060 1378 1115 religionis
1398 1065 1612 1111 maneant,
1626 1075 1774 1101 monu-

171 1126 316 1162 menta
345 1122 545 1164 victoriae
576 1123 749 1178 fanique
780 1129 1030 1166 ornamenta
1059 1140 1147 1166 non
1176 1130 1351 1167 extent:
1382 1140 1551 1180 vosque,
1583 1125 1774 1167 omnium

171 1200 314 1227 rerum
349 1186 592 1238 forensium,
625 1189 897 1230 consiliorum
926 1190 1223 1240 maximorum,
1255 1190 1402 1246 legum
1431 1190 1772 1246 judiciorumque

171 1251 323 1292 arbitri
347 1258 389 1293 et
419 1258 558 1303 testes,
581 1254 853 1296 celeberrimo
877 1255 924 1296 in
951 1255 1042 1297 loco
1071 1255 1218 1311 populi
1243 1255 1430 1297 Romani
1458 1255 1597 1305 locati,
1622 1254 1770 1297 Castor

171 1322 214 1357 et
229 1317 397 1367 Pollux,
413 1333 593 1373 quorum
608 1334 631 1360 e
645 1319 803 1374 templo
816 1327 1040 1375 quaestum
1059 1320 1139 1362 iste
1161 1321 1242 1362 sibi
1262 1326 1304 1362 et
1327 1321 1526 1375 praedam
1546 1319 1769 1375 improbis-

170 1382 321 1423 simam
334 1383 618 1438 comparavit:
651 1399 877 1440 omnesque
898 1385 970 1435 dii,
989 1385 1064 1440 qui
1083 1385 1290 1427 vehiculis
1310 1390 1527 1426 tensarum
1547 1385 1770 1427 sollemnes

169 1452 311 1489 coetus
341 1448 538 1490 ludorum
568 1449 699 1499 initis,
722 1465 903 1505 quorum
923 1450 1004 1491 iter
1025 1450 1104 1491 iste
1125 1451 1179 1491 ad
1199 1466 1321 1492 suum
1342 1456 1577 1505 quaestum,
1599 1466 1686 1491 non
1715 1451 1770 1492 ad

168 1513 426 1568 religionum
457 1514 726 1570 dignitatem,
761 1515 1003 1557 faciendum
1033 1515 1375 1571 exigendumque
1402 1516 1592 1557 curavit:
1628 1520 1767 1571 teque,

169 1577 294 1619 Ceres
325 1583 367 1619 et
397 1579 564 1629 Libera,
591 1595 773 1635 quarum
802 1595 932 1630 sacra,
965 1581 1073 1622 sicut
1100 1580 1320 1635 opiniones
1343 1580 1565 1621 hominum
1595 1596 1643 1622 ac
1672 1580 1769 1622 reli-

169 1642 315 1697 giones
337 1643 492 1693 ferunt,
515 1644 642 1700 longe
663 1645 861 1686 maximis
883 1650 1010 1700 atque
1031 1645 1326 1687 occultissimis
1347 1645 1612 1687 caerimoniis
1633 1645 1768 1687 conti-

166 1714 335 1758 nentur,
358 1725 383 1750 a
407 1709 559 1764 quibus
586 1710 711 1751 initia
731 1710 844 1752 vitae
872 1716 999 1766 atque
1020 1711 1170 1761 victus,
1192 1726 1372 1761 morum,
1394 1711 1551 1767 legum,
1573 1727 1768 1753 mansue-

167 1774 340 1823 tudinis,
358 1774 637 1816 humanitatis
658 1775 902 1818 hominibus
925 1782 966 1817 et
987 1776 1232 1818 civitatibus
1253 1776 1352 1818 data
1373 1791 1421 1817 ac
1441 1777 1664 1832 dispertita
1680 1793 1768 1819 esse

166 1839 392 1890 dicuntur;
434 1855 615 1895 quarum
651 1856 769 1882 sacra
804 1841 985 1897 populus
1016 1841 1234 1883 Romanus
1269 1857 1294 1882 a
1327 1841 1500 1883 Graecis
1534 1842 1695 1884 adscita
1725 1848 1768 1885 et

166 1911 337 1961 accepta
358 1911 477 1948 tanta
499 1907 706 1962 religione
719 1912 761 1948 et
782 1907 950 1962 publice
971 1912 1013 1948 et
1032 1906 1237 1962 privatim
1256 1912 1413 1957 tuetur,
1431 1922 1518 1949 non
1540 1912 1587 1949 ut
1608 1908 1660 1949 ab
1680 1908 1768 1949 illis

164 1971 247 2012 huc
269 1971 412 2021 allata,
436 1973 508 2013 sed
536 1978 583 2013 ut
605 1972 754 2014 ceteris
784 1972 885 2013 hinc
910 1972 1069 2013 tradita
1089 1987 1176 2014 esse
1196 1972 1447 2023 videantur3
1478 1988 1587 2028 quae
1608 1973 1660 2014 ab
1685 1972 1766 2014 isto

164 2052 249 2078 uno
270 2036 329 2078 sic
349 2037 512 2092 polluta
533 2053 580 2079 ac
600 2038 759 2079 violata
780 2044 879 2079 sunt
899 2043 947 2079 ut
968 2037 1241 2079 simulacrum
1264 2037 1426 2079 Cereris
1446 2053 1592 2088 unum,
1608 2038 1721 2093 quod
1741 2053 1767 2079 a

164 2102 256 2144 Viro
291 2118 377 2144 non
408 2103 533 2144 modo
563 2103 698 2158 tangi,
732 2104 804 2144 sed
843 2119 897 2145 ne
934 2103 1065 2158 aspici
1101 2102 1275 2158 quidem
1303 2102 1367 2144 fas
1403 2102 1498 2152 fuit,
1531 2119 1554 2144 e
1584 2103 1765 2145 sacrario

165 2167 340 2209 Catinae
375 2167 699 2209 convellendum
739 2168 1101 2223 auferendumque
1133 2167 1358 2217 curaverit,
1399 2167 1582 2209 alterum
1621 2173 1765 2210 autem

163 2231 321 2273 Henna
342 2248 395 2273 ex
416 2248 490 2274 sua
511 2233 607 2274 sede
628 2248 675 2274 ac
697 2233 821 2275 domo
842 2233 1085 2283 sustulerit;
1118 2233 1231 2288 quod
1257 2238 1348 2274 erat
1377 2232 1463 2273 tale
1492 2237 1541 2273 ut
1570 2232 1764 2275 homines

163 2312 296 2352 quum
314 2297 522 2347 viderent,
545 2302 618 2339 aut
648 2298 786 2353 ipsam
809 2299 954 2340 videre
981 2313 1024 2340 se
1054 2297 1263 2348 Cererem,
1288 2302 1362 2339 aut
1387 2297 1571 2352 effigiem
1599 2297 1764 2341 Cereris

209 2402 359 2442 Seyestae
376 2403 440 2444 his]
488 2404 522 2434 It
543 2404 569 2434 is
589 2404 683 2434 usual
702 2407 738 2435 to
758 2405 848 2445 place
863 2416 882 2436 a
900 2404 938 2446 (‚)
1032 2404 1188 2446 Catinae]
1220 2404 1304 2435 dett.
1339 2403 1406 2441 Or„
1439 2403 1597 2435 ‘Catina'
1629 2405 1760 2437 Iordan.

161 2446 247 2477 after
264 2446 456 2485 ‘Segestaex
473 2447 578 2477 which
594 2447 620 2477 is
630 2458 647 2477 a
660 2448 809 2478 mist-ake.
846 2448 881 2478 If
892 2459 939 2479 we
985 2448 1002 2478 1
1032 2448 1130 2478 think
1162 2447 1339 2478 ‘Catinae’
1370 2458 1445 2488 may
1475 2447 1514 2477 be
1544 2448 1646 2487 right.
1691 2449 1760 2480 The

161 2489 256 2519 make
272 2499 291 2518 a
306 2499 403 2529 pause
419 2490 503 2519 after
520 2494 528 2506 ‘
540 2490 712 2529 Segestae?
725 2491 752 2521 it
768 2491 883 2521 should
898 2491 937 2522 be
983 2491 1124 2521 ablative
1148 2494 1158 2507 ¹
1171 2490 1288 2521 Catina
1299 2491 1308 2504 '
1333 2500 1392 2521 can
1415 2491 1480 2520 also
1502 2491 1542 2520 be
1563 2491 1650 2526 used,
1667 2492 1697 2521 if
1712 2503 1759 2523 we

162 2537 171 2549 ‘
183 2532 338 2572 Segesta,'
352 2531 427 2561 that
437 2532 473 2567 is,
487 2536 495 2548 ‘
508 2532 640 2571 Segesta
657 2556 663 2562 .
682 2556 689 2563 .
706 2534 885 2564 tollendum
904 2557 910 2564 .
928 2557 936 2565 .
982 2534 1140 2564 translate
1164 2534 1221 2564 the
1244 2536 1316 2564 text
1336 2533 1436 2563 ‘from
1458 2533 1516 2564 the
1534 2533 1656 2573 chapel,
1674 2535 1758 2566 from

161 2575 288 2605 curavit
299 2575 318 2611 ς’
350 2585 384 2604 as
412 2578 420 2590 ‘
434 2574 513 2604 Chio
539 2576 694 2611 sustulit?
719 2577 782 2606 and
806 2587 825 2607 a
848 2577 936 2607 little
982 2576 1121 2607 Catina!
1168 2577 1261 2606 With
1283 2577 1340 2606 the
1358 2576 1501 2616 genitive
1524 2577 1581 2607 the
1604 2578 1757 2618 meaning

160 2618 290 2648 further
306 2628 346 2647 on
364 2621 373 2634 ‘
386 2617 505 2647 Henna
522 2640 529 2647 .
547 2640 554 2647 .
570 2618 761 2648 sustulerit.'
981 2619 1007 2649 is
1025 2624 1032 2636 ‘
1044 2620 1128 2649 from
1144 2619 1201 2650 the
1217 2619 1329 2659 chapel
1344 2622 1379 2649 at
1395 2619 1534 2649 Catina.'
1575 2620 1642 2650 But
1659 2620 1688 2650 if
1699 2621 1756 2651 the

205 2660 387 2701 tensarum]
414 2662 472 2691 See
489 2660 560 2690 Lib.
579 2661 607 2690 1.
624 2671 650 2690 c.
668 2662 718 2695 59,
735 2662 799 2691 and
816 2662 887 2692 Lib.
904 2663 935 2692 3.
979 2662 1120 2693 ablative
1135 2662 1162 2692 is
1181 2663 1268 2698 used,
1285 2663 1342 2692 the
1364 2662 1458 2692 order
1478 2661 1617 2702 perhaps
1641 2663 1756 2694 should

160 2715 187 2734 e.
205 2706 235 2734 3.
282 2704 321 2733 In
337 2704 394 2733 the
409 2704 529 2734 former
545 2703 580 2734 of
594 2703 684 2734 these
707 2706 772 2733 two
787 2715 934 2745 passages
978 2705 1018 2735 be
1035 2709 1043 2722 ‘
1055 2705 1172 2736 Catina
1184 2716 1200 2736 e
1211 2705 1372 2741 sacrario,’
1385 2716 1418 2735 as
1433 2705 1474 2735 he
1491 2706 1599 2736 writes
1616 2710 1624 2722 ‘
1636 2705 1755 2736 Henna

161 2747 218 2777 the
248 2747 337 2776 word
367 2747 393 2776 is
422 2746 554 2786 printed
591 2746 764 2776 ‘thensas’
812 2747 841 2776 R
877 2748 934 2778 has
979 2758 1016 2778 ex
1037 2759 1094 2779 sua
1116 2748 1212 2786 sede,’
1236 2749 1339 2780 ‘from
1361 2748 1490 2786 Henna,
1515 2749 1597 2779 from
1618 2749 1661 2779 its
1681 2759 1754 2780 own

162 2795 169 2806 ‘
182 2790 370 2819 theusaruui
384 2789 392 2802 '
417 2790 505 2820 here.
550 2790 670 2829 Zumpt
700 2799 771 2829 says
800 2790 876 2821 that
905 2790 933 2822 it
976 2791 1089 2831 place.'

160 2833 186 2863 is
204 2837 211 2849 ‘
224 2843 244 2863 a.
255 2832 439 2863 teudendo.'
485 2832 562 2864 This
577 2843 650 2874 may
666 2832 706 2863 bc
721 2842 766 2863 so.
