1849 3167
772 141 1112 184 DIVINATIO.
1689 144 1742 186 21

141 255 306 297 homini
321 256 412 312 jam
434 260 532 297 ante
553 255 769 305 denuntio,
793 255 829 296 si
849 271 874 296 a
893 271 961 296 me
982 271 1150 297 causam
1170 255 1281 296 hanc
1301 269 1376 296 vos
1408 256 1479 310 agi
1505 257 1738 308 volueritis,

141 321 350 362 rationem
369 321 435 361 illi
456 321 710 362 defendendi
729 326 863 362 totam
885 336 972 361 esse
992 321 1268 370 mutandam;
1301 325 1343 361 et
1375 321 1437 361 ita
1469 326 1613 364 tamen
1645 339 1737 364 mu-

142 386 318 427 tandam
337 391 386 426 ut
406 386 579 427 meliore
600 392 642 427 et
662 386 900 427 honestiore
922 386 1163 427 conditione
1184 386 1238 426 sit
1259 400 1386 440 quam
1419 401 1503 440 qua
1535 387 1623 441 ipse
1654 404 1741 430 esse

141 451 236 492 vult
253 467 263 502 3
294 457 342 492 ut
362 450 554 492 imitetur
575 451 766 492 homines
787 466 854 492 eos
876 466 979 506 quos
1000 451 1088 506 ipse
1109 451 1219 492 vidit
1240 451 1531 505 amplissimos,
1550 452 1598 492 L.
1619 452 1739 494 Cras-

143 530 236 556 sum
256 520 298 556 et
318 516 379 556 M.
402 515 653 566 Antonium,
677 516 751 571 qui
771 516 881 557 nihil
901 531 944 557 se
965 516 1282 556 arbitrabantur
1303 517 1358 556 ad
1382 516 1545 570 judicia
1576 532 1739 559 causas-

142 595 224 636 que
245 581 475 622 amicorum
495 586 663 636 praeter
682 581 811 622 fidem
845 585 887 622 et
916 581 1141 636 ingenium
1171 581 1320 622 afferre
1351 587 1555 636 oportere.
1617 582 1743 623 Nihil

141 646 223 687 erit
263 647 376 702 quod
406 661 474 687 me
507 651 659 701 agente
694 646 924 687 arbitretur
953 645 1165 701 judicium
1199 646 1289 686 sine
1321 661 1478 701 magno
1509 647 1742 688 multorum

140 711 327 766 periculo
348 726 466 766 posse
487 712 711 766 corrumpi.
772 712 866 766 Ego
888 711 934 751 in
954 711 1034 751 hoc
1049 711 1212 766 judicio
1233 711 1342 751 mihi
1373 711 1612 753 Siculorum
1642 728 1739 753 caun

142 791 232 817 sam
252 782 476 831 receptam,
499 777 646 832 populi
667 777 851 818 Romani
872 781 1109 831 susceptam
1130 791 1217 817 esse
1238 777 1433 826 arbitror,
1456 783 1504 818 ut
1525 778 1634 818 mihi
1654 793 1741 818 non

141 857 251 883 unus
271 842 397 883 homo
417 842 633 897 improbus
666 842 965 897 opprimendus
997 841 1064 890 sit,
1098 841 1144 882 id
1175 842 1288 896 quod
1320 841 1451 882 Siculi
1481 843 1739 897 petiverunt,

143 907 216 948 sed
236 907 407 948 omnino
423 907 564 948 omnis
596 907 857 962 improbitas,
894 907 940 947 id
971 907 1083 961 quod
1114 906 1294 961 populus
1326 906 1544 949 Romanus
1575 908 1743 963 jamdiu

141 971 322 1028 flagitat,
346 973 656 1028 exstinguenda
676 978 803 1028 atque
824 973 1003 1013 delenda
1024 972 1090 1013 sit.
1152 972 1207 1012 In
1228 988 1311 1026 quo
1346 971 1467 1028 [ego]
1503 974 1606 1028 quid
1636 974 1743 1015 eniti

143 1043 216 1078 aut
237 1039 340 1093 quid
361 1038 522 1079 efficere
542 1038 699 1093 possim
733 1038 844 1079 malo
875 1038 922 1078 in
953 1037 1134 1079 aliorum
1169 1052 1240 1091 spe
1272 1037 1511 1092 relinquere
1538 1053 1666 1093 quam
1695 1039 1743 1080 in

143 1104 331 1145 oratione
350 1119 444 1145 mea
464 1119 631 1159 ponere.

200 1168 265 1209 Tu
284 1184 396 1218 vero,
421 1168 589 1217 Caecili,
624 1168 727 1223 quid
758 1173 876 1222 potes
894 1168 914 1208 Ρ
944 1183 1027 1222 quo
1053 1173 1243 1223 tempore
1278 1172 1351 1209 aut
1384 1183 1467 1224 qua
1499 1169 1545 1209 in
1578 1184 1623 1210 re
1654 1184 1742 1210 non

141 1234 265 1275 modo
305 1234 454 1274 ceteris
494 1233 706 1288 specimen
746 1233 919 1287 aliquod
959 1233 1126 1283 dedisti,
1170 1234 1242 1274 sed
1282 1238 1374 1274 tute
1409 1234 1474 1274 tui
1505 1234 1742 1288 periculum

140 1298 279 1339 fecisti
296 1297 316 1338 ⁴?
375 1298 431 1338 In
451 1303 639 1339 mentem
659 1298 739 1339 tibi
758 1313 845 1339 non
865 1298 984 1339 venit
1005 1299 1109 1353 quid
1130 1299 1293 1353 negotii
1324 1299 1379 1340 sit
1409 1315 1578 1340 causam
1604 1300 1742 1354 publi-

142 1378 234 1405 cam
255 1363 473 1412 sustinere,
497 1363 632 1404 vitam
653 1363 826 1404 alterius
846 1368 981 1404 totam
1002 1363 1214 1418 explicare
1235 1369 1361 1418 atque
1382 1379 1475 1405 eam
1501 1379 1588 1405 non
1618 1365 1743 1406 modo

140 1428 188 1469 in
208 1428 361 1469 animis
377 1428 570 1484 judicum
592 1429 665 1469 sed
686 1428 815 1469 etiam
835 1428 881 1469 in
903 1428 1034 1469 oculis
1055 1434 1365 1483 conspectuque
1396 1429 1586 1470 omnium
1617 1444 1742 1483 expo-

140 1509 254 1544 nere,
277 1494 484 1535 sociorum
505 1494 695 1542 salutem,
719 1494 937 1534 commoda
958 1494 1287 1548 provinciarum,
1309 1494 1399 1535 vim
1419 1494 1576 1549 legum,
1601 1494 1741 1548 gravi-

140 1564 274 1600 tatem
289 1558 547 1614 judiciorum
568 1558 828 1599 defendere?
887 1558 967 1599 IX.
1002 1558 1217 1614 Cognosce
1239 1574 1290 1599 ex
1318 1574 1398 1608 me,
1433 1559 1635 1614 quoniam
1664 1559 1743 1600 hoc

140 1625 329 1680 primum
349 1629 515 1678 tempus
537 1624 726 1665 discendi
746 1629 895 1666 nactus
917 1640 972 1674 es,
995 1640 1124 1679 quam
1143 1624 1280 1665 multa
1301 1640 1388 1666 esse
1410 1629 1601 1679 oporteat
1628 1624 1674 1664 in
1696 1639 1743 1665 eo

142 1690 217 1745 qui
237 1690 419 1731 alterum
440 1694 629 1740 accuset3
663 1705 716 1730 ex
737 1690 889 1744 quibus
910 1690 946 1730 si
966 1705 1101 1730 unum
1125 1689 1297 1743 aliquod
1329 1689 1374 1730 in
1407 1694 1449 1729 te
1481 1689 1741 1743 cognoveris,

143 1770 221 1810 ego
237 1755 328 1810 jam
348 1754 429 1795 tibi
448 1754 538 1808 ipse
559 1754 667 1795 istuc
689 1754 802 1808 quod
823 1754 986 1808 expetis
1008 1769 1100 1794 mea
1122 1753 1340 1794 voluntate
1361 1753 1599 1794 concedam.
1647 1753 1741 1793 Pri-

142 1835 260 1861 mum
280 1819 575 1873 integritatem
596 1823 723 1873 atque
744 1818 1032 1859 innocentiam
1055 1817 1328 1872 singularem.
1391 1817 1516 1857 Nihil
1537 1822 1599 1858 est
1629 1817 1745 1858 enim

144 1884 257 1940 quod
277 1883 418 1924 minus
439 1882 662 1923 ferendum
683 1882 737 1922 sit
758 1897 887 1936 quam
919 1882 1127 1923 rationem
1149 1881 1201 1922 ab
1222 1881 1354 1922 altero
1387 1880 1501 1921 vitae
1530 1895 1744 1936 reposcere

143 1965 240 1991 eum
261 1948 335 2003 qui
354 1963 440 1989 non
461 1947 593 2002 possit
615 1962 713 1988 suae
734 1947 919 1988 reddere.
982 1946 1067 1988 Hic
1100 1961 1178 2001 ego
1201 1946 1251 1986 de
1273 1951 1313 1986 te
1335 1946 1457 2000 plura
1474 1961 1559 1987 11011
1576 1947 1714 1987 dieam
1734 1962 1742 1986 ε

143 2029 277 2055 unum
311 2013 419 2053 illud
439 2013 562 2054 credo
583 2027 727 2053 omnes
749 2012 1098 2060 animadvertere,
1121 2016 1163 2051 to
1185 2011 1321 2051 adhue
1344 2012 1396 2052 ab
1417 2011 1546 2052 nullis
1578 2011 1661 2051 nisi
1692 2012 1744 2052 ab

144 2079 295 2121 Siculis
316 2078 500 2134 potuisse
521 2077 717 2132 cognosci
736 2092 744 2126 ;
777 2076 938 2117 Siculos
958 2076 1037 2117 1100
1059 2076 1209 2123 dicere,
1233 2091 1365 2130 quum
1385 2075 1521 2116 eidem
1543 2075 1628 2116 sint
1647 2075 1745 2116 irati

144 2144 212 2187 cui
232 2149 280 2185 tu
299 2148 341 2185 te
362 2142 584 2184 inimicum
604 2158 691 2183 esse
712 2141 829 2192 dicis,
854 2156 940 2183 sese
961 2146 1105 2182 tamen
1126 2146 1168 2181 tc
1191 2146 1329 2182 actore
1352 2141 1405 2182 ad
1421 2141 1632 2196 judicium
1659 2156 1745 2182 nou

186 2277 217 2307 8.
241 2274 411 2315 denuntio]
444 2274 473 2305 A
489 2274 578 2305 word
587 2274 692 2304 which
706 2273 818 2304 Cicero
829 2274 920 2304 often

143 2329 224 2349 11808.
271 2318 305 2349 It
320 2328 430 2348 means
446 2321 455 2334 ‘
467 2320 502 2348 to
526 2318 600 2356 give
616 2328 635 2347 a
649 2328 764 2356 person
791 2317 920 2347 notice?

964 2273 1093 2314 plained
1115 2273 1158 2314 by
1175 2273 1340 2303 Asconius.
1383 2276 1391 2289 ‘
1404 2272 1558 2312 Reeipere
1569 2272 1576 2284 '
1594 2272 1619 2302 is
1635 2275 1670 2302 ‘to
1686 2283 1744 2302 im-

965 2317 1101 2347 dertake
1118 2317 1205 2346 what
1223 2327 1240 2346 a
1256 2327 1332 2346 man
1348 2316 1374 2345 ἰ8
1390 2316 1487 2346 asked
1506 2319 1539 2345 to
1552 2315 1743 2349 undertake.

144 2361 179 2392 It
194 2362 252 2392 has
267 2363 325 2391 not
341 2372 359 2391 a
374 2360 536 2391 teehnieal
551 2360 704 2399 meaning
719 2360 806 2396 here,
819 2360 879 2390 but
896 2360 921 2389 is

144 2405 223 2435 used
238 2405 271 2434 in
288 2415 306 2434 a
322 2404 452 2443 general
469 2414 568 2433 801180.
616 2403 648 2433 lt
673 2403 740 2438 11118,
762 2403 920 2438 however,

144 2448 235 2478 often
255 2447 312 2478 the
334 2447 551 2487 signification
576 2446 613 2475 of
628 2446 742 2485 giving
763 2445 845 2484 legal
867 2456 921 2475 no-

145 2490 220 2520 tice.
266 2490 330 2520 Pro
346 2489 493 2525 Caecina,
511 2500 537 2519 0.
554 2489 573 2520 7
590 2489 718 2519 11111132.
765 2489 922 2528 Compare

144 2533 202 2563 the
217 2543 273 2563 use
288 2533 325 2562 of
337 2536 345 2549 ‘
357 2532 550 2562 denuntiare
563 2532 571 2545 ’
588 2532 621 2561 in
640 2532 687 2561 De
704 2533 777 2561 Sen.
795 2542 821 2561 e.
837 2532 868 2561 6.

188 2577 224 2605 ut
240 2575 382 2610 meliore,
400 2574 472 2616 affe]
507 2577 564 2605 ‘ut
590 2575 721 2605 meliore
749 2576 782 2604 et
809 2574 921 2604 1101108-

145 2618 229 2648 tiore
245 2617 438 2653 conditione,
456 2628 552 2657 quam
569 2628 632 2657 qua
655 2618 720 2657 ipse
743 2617 825 2653 vult,
851 2617 921 2646 imi-

145 2663 237 2691 tetur
254 2660 419 2690 homines?
444 2660 572 2690 lordan.

189 2704 229 2733 L.
251 2704 414 2738 Crassum,
432 2702 504 2743 clue]
553 2703 590 2733 L.
609 2703 751 2733 Licinius
778 2702 921 2738 Crassus,

146 2746 210 2776 mid
238 2745 284 2775 M.
316 2745 486 2780 Antonius,
511 2745 568 2776 the
591 2749 656 2776 two
679 2748 772 2784 great
796 2748 922 2775 orators

146 2789 251 2818 whom
269 2788 380 2818 Cicero
396 2788 581 2819 introduces
597 2789 630 2818 in
646 2789 695 2818 his
718 2789 852 2819 treatise
876 2788 921 2818 De

146 2831 294 2862 Oratore.

187 2875 350 2914 receptam
356 2873 594 2914 -suseepiamJl
663 2874 762 2911 Quite
807 2874 921 2904 11118οΧ-

966 2370 1002 2389 or
1032 2360 1059 2389 it
1090 2360 1233 2399 signities
1264 2359 1321 2389 tlie
1353 2358 1576 2397 undertaking
1606 2359 1643 2388 ot'
1669 2359 1743 2388 that

966 2403 1073 2432 which
1098 2403 1138 2432 1ιο
1154 2402 1180 2432 is
1196 2402 1237 2442 by
1254 2413 1339 2432 some
1367 2402 1558 2432 antecedent
1577 2401 1685 2430 bound
1710 2406 1744 2431 to

967 2445 1172 2481 undertake;
1199 2456 1233 2474 80
1258 2445 1332 2475 that
1358 2445 1414 2474 the
1441 2455 1484 2479 re,
1513 2444 1686 2483 aeeording
1710 2448 1744 2473 to

968 2488 1034 2518 this
1064 2488 1281 2527 explanation,
1318 2488 1374 2517 has
1413 2487 1455 2517 its
1494 2498 1609 2527 proper
1648 2488 1743 2516 t'oree.

969 2531 1175 2571 ‘Suseipere'
1200 2531 1314 2560 11118110
1330 2531 1492 2560 retbwnee
1509 2534 1541 2560 at
1565 2530 1605 2559 all
1630 2534 1664 2559 to
1688 2530 1744 2559 the

968 2584 1062 2604 cause
1077 2585 1113 2603 or
1129 2574 1270 2603 motivo:
1296 2574 1321 2603 it
1349 2576 1450 2603 statvs
1477 2584 1495 2603 a
1523 2574 1587 2602 suet
1617 2572 1743 2612 simply.

967 2627 1003 2647 or
1027 2627 1061 2646 as
1077 2627 1095 2646 a
1111 2627 1338 2656 eonsequenee,
1363 2617 1412 2645 for
1440 2616 1513 2655 ‘qni
1538 2615 1651 2655 reeipit
1677 2625 1743 2644 8118-

968 2660 1069 2699 cipit?
1122 2660 1241 2699 Zumpt
1266 2660 1365 2689 refers
1392 2661 1427 2688 to
1454 2659 1510 2688 the
1536 2658 1599 2687 like
1628 2668 1682 2687 1180
1712 2658 1749 2686 ot'

968 2707 975 2719 ‘
987 2703 1128 2742 recipere
1142 2702 1149 2713 '
1166 2702 1229 2732 und
1247 2706 1255 2718 ‘
1268 2702 1426 2741 suscipere
1439 2701 1446 2711 '
1464 2701 1495 2730 in
1514 2702 1586 2730 Aet.
1614 2701 1645 2730 ii.
1676 2701 1743 2729 Lib.

968 2746 997 2775 2.
1015 2756 1041 2775 0.
1060 2747 1097 2780 1;
1122 2745 1186 2774 and
1205 2745 1301 2774 Klotz
1327 2748 1361 2773 to
1389 2744 1444 2773 tlte
1475 2743 1520 2773 1ὶο
1545 2745 1694 2775 Oratore.
1712 2743 1743 2772 ii.

967 2790 1019 2823 24,
1037 2788 1101 2817 “in
1119 2798 1182 2827 quo
1198 2791 1243 2817 est
1263 2787 1315 2816 illa
1333 2786 1461 2825 quidem
1485 2797 1600 2825 magna
1614 2786 1744 2815 offensio

967 2831 1016 2861 vel
1033 2830 1251 2869 negligentiae
1278 2829 1433 2868 suseeptis
1459 2829 1552 2858 relius
1578 2829 1625 2857 vel
1651 2828 1743 2867 perti-

967 2874 1038 2904 diae
1054 2873 1224 2912 1·eeeptis.''
1258 2874 1316 2902 See
1331 2872 1397 2902 also
1413 2873 1486 2902 Act.
1504 2872 1523 2901 i.
1541 2882 1567 2901 0.
1586 2872 1635 2901 12.
