1849 3167
489 101 614 144 ACT.
647 102 710 143 II.
743 100 930 142 LIBER
961 100 1240 148 QUINTUS.
1597 106 1678 147 623

77 210 201 267 sunt3
243 216 497 258 subeantur:
539 217 682 267 labor3
724 215 989 270 suscipiatur.
1065 216 1240 258 Etenim
1274 218 1428 259 tacitae
1464 218 1602 274 magis
1637 224 1680 261 et

77 282 264 324 occultae
295 281 546 323 inimicitiae
578 282 790 323 timendae
823 286 922 322 sunt
955 296 1084 336 quam
1118 281 1303 323 indictae
1333 290 1459 338 atque
1495 290 1677 339 apertae.

27 347 30 350 ’
77 347 315 388 Hominum
342 347 550 388 nobilium
585 362 670 388 non
698 347 786 387 fere
818 346 1042 401 quisquam
1075 352 1243 388 nostrae
1275 348 1510 389 industriae
1538 349 1677 391 favet:

76 412 207 453 nullis
227 412 383 453 nostris
399 412 545 453 officiis
566 411 905 453 benevolentiam
918 411 1090 452 illorum
1112 412 1279 453 allicere
1292 428 1535 468 possumus:
1559 415 1680 469 quasi

76 483 231 518 natura
247 483 289 518 et
311 492 465 532 genere
486 477 689 533 disjuncti
709 477 807 526 sint,
822 477 883 517 ita
905 477 1111 518 dissident
1133 493 1157 518 a
1177 477 1298 519 nobis
1320 478 1460 519 animo
1477 479 1680 520 0111011111-

76 547 178 584 tate.
223 542 363 589 Quare
384 542 487 598 quid
508 543 667 584 habent
680 557 825 583 eorum
845 541 1096 583 inimicitiae
1108 543 1300 597 periculi,
1317 558 1496 598 quorum
1518 544 1681 585 animos

72 607 166 663 jam
187 612 286 649 ante
305 608 503 649 habueris
523 607 717 649 inimicos
738 612 780 648 et
800 607 967 649 invidos
988 623 1116 662 quam
1143 607 1252 649 ullas
1276 608 1524 650 inimicitias
1545 624 1681 650 susce-

77 673 224 728 peris?
285 673 570 720 Quamobrem
599 673 719 724 mihi,
746 672 924 729 judices,
957 678 1150 729 optatum
1180 679 1243 715 est
1273 673 1393 722 illud,
1425 673 1472 714 in
1500 674 1581 715 hoc
1611 689 1682 715 reo

77 738 209 779 finem
239 738 465 780 accusandi
494 738 643 788 facere,
676 754 809 794 quum
838 743 880 779 et
909 738 1064 794 populo
1096 738 1289 780 Romano
1321 738 1422 780 satis
1447 738 1608 780 factum
1639 744 1682 781 et

78 809 295 859 receptum
320 803 503 845 officium
524 804 676 845 Siculis
702 803 948 845 necessariis
975 803 1081 845 meis
1102 804 1183 845 erit
1203 804 1490 859 persolutum:
1523 805 1681 847 delibe-

78 877 221 911 ratum
251 875 313 911 est
344 875 498 920 autem,
532 869 568 911 si
604 885 670 910 res
700 869 944 924 opinionem
977 884 1117 910 meam
1148 884 1276 924 quam
1307 870 1359 911 de
1389 869 1508 911 vobis
1548 870 1682 911 habeo

79 934 292 985 fefellerit,
314 950 401 976 non
424 935 548 976 modo
574 950 642 976 eos
669 934 877 990 persequi,
907 935 961 976 ad
991 950 1094 989 quos
1124 935 1309 976 maxime
1340 935 1464 990 culpa
1494 936 1683 990 corrupti

74 1000 240 1056 judicii,
273 1001 345 1042 sed
376 1000 505 1042 etiam
542 1000 637 1042 illes
675 1001 729 1041 ad
758 1016 861 1056 quos
892 1000 1172 1042 conscientiae
1203 1000 1400 1054 contagio
1437 1000 1680 1055 pertinebit.

80 1065 266 1107 Proinde
295 1065 330 1107 si
355 1066 429 1121 qui
456 1071 555 1107 sunt
580 1065 654 1121 qui
678 1066 724 1106 in
748 1065 827 1107 hoc
860 1081 930 1106 reo
963 1070 1036 1107 aut
1067 1070 1260 1120 potentes
1293 1071 1366 1106 aut
1398 1066 1576 1107 audaces
1609 1071 1683 1107 aut

81 1131 263 1172 artifices
289 1132 342 1172 ad
370 1132 725 1186 corrumpendum
751 1130 962 1186 judicium
988 1131 1124 1172 velint
1152 1146 1251 1181 esse,
1274 1131 1335 1172 ita
1360 1131 1445 1172 sint
1472 1131 1612 1186 parati
1636 1136 1684 1172 ut

81 1197 344 1252 disceptante
368 1196 523 1251 populo
545 1196 739 1237 Romano
766 1211 932 1237 mecum
957 1196 1038 1237 sibi
1065 1211 1155 1237 rem
1179 1197 1354 1238 videant
1382 1196 1594 1237 futuram:
1628 1202 1682 1246 et,

81 1261 117 1303 si
143 1277 210 1302 me
235 1262 281 1302 in
306 1262 386 1303 hoc
413 1276 484 1303 reo
505 1277 632 1316 quem
656 1261 765 1302 mihi
791 1261 1014 1302 inimicum
1035 1261 1168 1303 Siculi
1192 1262 1412 1311 dederunt,
1436 1262 1536 1303 satis
1557 1262 1683 1303 vehe-

80 1331 281 1376 mentem,
324 1327 426 1368 satis
466 1332 821 1381 perseverantem,
863 1327 964 1368 satis
1003 1327 1258 1381 vigilantem
1304 1342 1391 1367 esse
1432 1332 1683 1382 cognorunt,

81 1391 326 1433 existiment
341 1392 388 1433 in
400 1392 467 1433 his
488 1392 745 1441 hominibus,
764 1407 944 1447 quorum
965 1407 1044 1448 ego
1064 1391 1312 1433 inimicitias
1332 1392 1480 1447 populi
1500 1392 1686 1434 Romani

81 1457 229 1499 salutis
251 1472 374 1498 causa
396 1473 626 1513 suscepero,
649 1457 784 1498 multo
807 1457 1047 1513 graviorem
1068 1462 1194 1512 atque
1215 1458 1420 1499 acriorem
1442 1457 1646 1499 futurum.

139 1522 331 1564 LXXII.
367 1523 494 1565 Nunc
526 1528 582 1574 te,
612 1522 784 1578 Jupiter
820 1522 991 1578 Optime
1023 1523 1227 1573 Maxime,
1262 1523 1381 1579 cujus
1416 1523 1496 1564 iste
1528 1524 1688 1565 donum

83 1588 238 1643 regale,
271 1588 453 1643 dignum
484 1593 557 1630 tuo
588 1588 875 1643 pulcherrimo
905 1588 1077 1644 templo,
1110 1588 1291 1644 dignum
1322 1588 1531 1643 Capitolio
1561 1595 1688 1645 atque

82 1653 164 1695 ista
195 1668 289 1694 arce
310 1653 501 1694 omnium
529 1654 765 1704 nationum,
788 1654 969 1709 dignum
999 1654 1117 1710 regio
1141 1670 1330 1703 munere,
1353 1655 1434 1695 tibi
1455 1654 1614 1695 factum
1636 1655 1689 1696 ab

83 1718 269 1773 regibus,
301 1718 382 1759 tibi
418 1718 607 1760 dicatum
643 1724 770 1774 atque
804 1719 1074 1774 promissum,
1105 1735 1181 1774 per
1217 1719 1429 1760 nefarium
1465 1719 1599 1760 scelus
1637 1720 1689 1761 de

83 1783 280 1824 manibus
313 1783 444 1838 regiis
477 1783 667 1833 extorsit,
700 1784 902 1839 cujusque
937 1784 1251 1825 sanctissimum
1283 1790 1325 1825 et
1354 1784 1690 1839 pulcherrimum

85 1848 359 1890 simulacrum
380 1848 598 1903 Syracusis
620 1850 815 1891 sustulit:
849 1855 988 1905 teque,
1012 1849 1040 1890 J
1042 1865 1126 1890 uno
1148 1849 1330 1904 Regina,
1354 1849 1473 1904 cujus
1494 1851 1576 1891 duo
1590 1850 1690 1892 fana

84 1915 246 1955 duabus
270 1914 316 1955 in
346 1914 496 1955 insulis
522 1914 660 1969 posita
688 1914 907 1964 sociorum,
931 1915 1106 1956 Melitae
1137 1920 1179 1956 et
1210 1914 1338 1964 Sami,
1363 1915 1626 1957 sanctissima
1648 1922 1690 1958 et

86 1980 394 2035 antiquissima,
418 1980 547 2021 simili
576 1981 730 2022 scelere
751 1980 865 2021 idem
885 1980 963 2021 iste
985 1981 1180 2022 omnibus
1201 1980 1323 2021 donis
1346 1982 1690 2037 oruaunentisquc

85 2046 290 2088 nudavit:
322 2051 460 2101 teque,
485 2046 694 2094 Minerva,
718 2061 845 2100 quam
867 2046 969 2086 item
996 2044 1117 2101 [iste]
1143 2046 1306 2087 duobus
1327 2046 1372 2087 111
1390 2046 1633 2088 clarissimis
1649 2052 1692 2088 et

87 2112 415 2167 religiosissimis
436 2111 607 2166 templis
624 2111 842 2172 &pil-avit,
858 2110 1055 2160 Athenis,
1074 2126 1205 2166 quum
1222 2112 1314 2152 auri
1337 2112 1688 2167 ξ(ξι-11111101101111118,

88 2177 318 2233 Syracusis,
342 2192 473 2232 quum
495 2176 637 2218 011111111
657 2181 825 2231 praeter
846 2181 1006 2217 tectum
1027 2181 1069 2217 et
1099 2177 1280 2231 parietes
1312 2178 1512 2218 abstulit:
1550 2183 1689 2233 teque,

88 2242 254 2285 Latona
283 2247 325 2284 et
355 2242 510 2297 Apollo
540 2247 582 2283 et
612 2241 765 2292 Diana,
787 2256 968 2296 quorum
998 2241 1077 2283 iste
1108 2241 1206 2283 Deli
1236 2258 1321 2283 11011
1352 2242 1512 2293 fanum,
1536 2243 1620 2292 sed,
1644 2248 1691 2284 ut

89 2385 108 2405 a
134 2375 211 2404 uoto
234 2373 271 2403 of
291 2373 527 2411 interrogation
551 2372 636 2403 after
661 2373 778 2404 ‘suut'
802 2373 867 2404 aud

955 2372 1175 2413 dist-eplanle]
1217 2373 1274 2403 See
1293 2373 1363 2404 Lib.
1380 2375 1410 2404 3.
1427 2384 1454 2404 c.
1471 2373 1524 2410 72,
1537 2384 1571 2404 us
1588 2376 1622 2405 to
1635 2374 1692 2405 tho

90 2422 98 2434 ‘
111 2417 227 2453 11111(11·;’
244 2417 305 2447 but
320 2417 347 2447 it
364 2417 389 2445 is
406 2417 514 2447 better
529 2416 678 2446 muittcd.

911 2417 1065 2455 11111111111111Γ
1080 2417 1117 2446 of
1129 2416 1195 2446 this
1211 2417 1310 2446 word.

133 2458 440 2499 eom-uplijudit-ih]
488 2459 555 2489 Tho
571 2469 717 2489 ‹¹011uuou
731 2459 867 2499 reading

90 2503 117 2533 is
149 2502 419 2542 ‘‹·‹›1·rump‹=mli‚'
451 2502 500 2531 sor
531 2502 634 2532 which
664 2503 782 2543 Zumpt
809 2503 866 2533 has

91 2545 282 2585 ‘cm-ruptiss
308 2545 364 2575 the
390 2545 524 2583 reading
551 2546 588 2575 of
613 2546 701 2576 1ζ3λ
731 2546 790 2586 hg.
816 2548 867 2577 29.

92 2590 141 2619 (7)11
161 2588 407 2628 ‘corrumpendi
420 2588 427 2599 '
446 2588 581 2627 Madvig
601 2588 763 2619 remarks:
789 2592 868 2620 “ost

92 2634 201 2663 autem
219 2634 377 2671 perpetua
392 2631 469 2661 1111111·
485 2632 570 2671 upud
588 2632 685 2661 bouus
696 2632 869 2672 scriptores

92 2675 177 2705 ratio
207 2675 292 2704 illius
322 2674 483 2714 participii
518 2675 584 2704 sive
617 2675 798 2713 gerundivi,
830 2679 869 2707 ut

92 2717 270 2758 praesentis
295 2717 447 2757 temporis
470 2718 523 2751 sit,
540 2718 708 2757 praeteriti
733 2718 785 2748 vix
809 2729 868 2749 uu-

92 2771 200 2801 quam.
247 2760 363 2800 ltaque
390 2761 423 2790 iu
455 2760 502 2794 iis.
530 2761 584 2801 qui
609 2761 770 2801 judicium
800 2772 869 2792 cor-

92 2806 264 2843 ruperunt,
290 2803 436 2844 corrupti
454 2803 570 2844 judicii
596 2804 690 2845 culpa
719 2807 779 2842 ost,
804 2815 869 2837 non

92 2846 353 2886 corrumpendi.’'

954 2460 1021 2500 lais]
1052 2460 1097 2495 l{;
1123 2459 1180 2489 ‘iis
1193 2459 1200 2471 '
1220 2459 1255 2492 11.
1277 2460 1405 2490 Iorduu.

954 2503 1006 2535 72.
1034 2503 1129 2533 Num·
1145 2502 1204 2543 tm]
1230 2503 1343 2533 Cicero
1367 2504 1400 2533 iu
1424 2503 1490 2534 this
1507 2503 1639 2534 uddross
1656 2507 1691 2534 to

913 2546 970 2577 tho
986 2546 1066 2585 gods
1084 2546 1313 2586 rorupitulutos
1330 2547 1386 2576 11111
1402 2547 1609 2585 sum-ilvgious
1622 2550 1692 2576 acts

913 2590 950 2619 of
962 2590 1088 2623 Verres.
1106 2589 1211 2619 which
1229 2589 1268 2619 1111
1285 2590 1341 2619 has
1357 2589 1486 2629 already
1505 2590 1692 2620 nwutimwd

913 2632 946 2663 iu
962 2632 1090 2663 various
1107 2635 1197 2672 parts
1212 2633 1249 2661 ot·
1262 2633 1352 2662 thos-v
1367 2632 1521 2662 orations.

956 2676 1044 2706 Juno
1075 2675 1228 2715 lt’t'fllnthl
1277 2676 1394 2714 Zumpt
1422 2675 1521 2704 refers
1545 2678 1579 2705 to
1599 2675 1691 2715 Livy,

913 2729 943 2749 v.
969 2721 1020 2754 22,
1047 2721 1098 2751 223.
1123 2720 1174 2751 31.
1201 2720 1252 2751 52,
1279 2719 1384 2748 11“11111·11
1408 2718 1431 2748 it
1459 2718 1484 2747 is
1515 2718 1583 2747 said
1617 2718 1692 2748 that

913 2763 1003 2793 Juuo
1047 2761 1171 2800 Regina
1210 2772 1275 2791 was
1313 2761 1456 2799 brought
1494 2761 1575 2790 from
1610 2761 1690 2797 Veii,

913 2805 978 2836 aud
994 2805 1058 2836 had
1075 2816 1093 2835 11
1110 2804 1230 2844 temple
1246 2804 1376 2835 erectcd
1391 2814 1433 2834 ou
1450 2804 1506 2835 the
1518 2804 1692 2835 Aventino.
