1849 3167
138 141 222 184 312
728 139 797 182 IN
827 138 872 181 O.
905 137 1158 181 VERREM

138 260 376 307 aratorum3
407 269 493 296 non
513 269 556 296 se
576 255 856 296 decumanum
877 269 964 295 esse
984 252 1226 308 Apronium
1246 253 1318 294 sed
1332 252 1511 295 Verrem
1532 253 1726 301 alterum,

138 322 357 364 dominum
377 321 547 363 illorum
563 336 610 363 ac
626 326 869 376 tyrannum.
914 319 1031 365 Quae
1044 334 1173 374 quum
1191 319 1376 369 dixisset,
1391 319 1455 360 illi
1467 320 1548 360 viri
1563 320 1726 375 optimi,

138 388 190 429 de
211 388 381 429 cohorte
401 387 522 429 istius
543 392 867 442 recuperatores,
889 400 976 426 non
997 385 1048 425 de
1069 384 1321 426 absolvendo
1348 385 1539 440 Apronio
1569 385 1726 427 delibe-

136 458 293 503 rarent,
316 454 387 495 sed
408 458 657 509 quaererent
677 467 807 507 ecquo
827 451 951 491 modo
980 449 1206 505 petitorem
1237 450 1375 505 ipsum
1406 451 1597 506 Apronio
1627 466 1725 492 con-

138 520 337 560 demnare
357 524 537 573 possent.

195 585 328 626 XIII.
361 585 485 626 Hanc
507 590 554 625 tu
574 583 791 625 licentiam
823 581 1160 637 diripiendorum
1192 587 1406 624 aratorum
1437 598 1568 638 quum
1597 584 1722 624 decu-

136 651 287 701 manis,
329 650 408 692 hoc
447 655 521 700 est,
558 665 689 705 quum
727 648 920 703 Apronio
959 648 1230 703 permisisses,
1267 654 1315 689 ut
1350 654 1556 704 quantum
1595 649 1749 690 vellet⁴

136 720 335 772 posceret,
367 721 573 771 quantum
603 714 857 770 poposcisset
894 714 1092 765 auferret,
1135 714 1214 756 hoc
1256 714 1336 755 tibi
1376 714 1629 756 defensionis
1669 715 1723 755 ad

130 781 341 837 judicium
369 787 491 822 tuum
521 781 803 836 comparabas,
835 780 1031 821 habuisse
1057 785 1100 821 te
1127 780 1312 822 edictum
1345 785 1656 835 recuperatores
1676 780 1722 820 in

136 847 351 902 octuplum
372 847 604 888 daturum?
665 846 711 887 Si
730 846 969 888 mehercule
989 861 1042 887 ex
1063 846 1179 887 omni
1199 845 1318 900 copia
1338 851 1567 887 conventus
1598 845 1721 901 Syra-

135 913 291 962 cusani,
327 912 763 968 splendidissimorum
793 912 1265 967 honestissimorumque
1298 911 1531 961 hominum,
1565 911 1722 952 faceres

132 983 383 1033 potestatem
414 978 570 1019 aratori
599 993 685 1019 non
713 978 837 1019 modo
866 978 1086 1034 rejiciendi
1116 978 1188 1019 sed
1218 977 1346 1018 etiam
1380 976 1573 1019 sumendi
1604 992 1720 1018 recu-

133 1049 359 1099 peratores,
382 1048 526 1085 tamen
546 1044 625 1085 hoc
645 1059 805 1085 novum
827 1059 959 1099 genus
980 1043 1161 1099 injuriae
1191 1042 1301 1084 ferre
1330 1058 1454 1084 nemo
1483 1048 1633 1098 posset,
1665 1048 1720 1091 te,

134 1125 265 1165 quum
286 1115 379 1151 tuos
400 1125 543 1151 omnes
573 1109 735 1151 fructus
764 1110 990 1165 publicano
1020 1109 1264 1150 tradidisses
1285 1114 1327 1150 et
1347 1124 1435 1150 rem
1457 1109 1508 1150 de
1527 1108 1723 1149 manibus

134 1177 353 1225 amisisses,
385 1180 477 1217 tum
506 1176 618 1217 bona
647 1180 721 1217 tua
752 1181 941 1231 repetere
971 1191 1019 1216 ac
1048 1175 1244 1230 persequi
1272 1175 1347 1216 lite
1387 1179 1512 1230 atque
1547 1174 1720 1230 judicio.

135 1242 277 1289 Quum
306 1257 405 1283 vero
434 1242 562 1283 verbo
587 1241 797 1297 judicium
828 1242 883 1283 sit
912 1242 958 1283 in
988 1242 1137 1291 edicto,
1160 1257 1205 1283 re
1226 1242 1398 1297 quidem
1424 1256 1523 1282 vera
1552 1246 1723 1281 tuorum

132 1307 335 1350 comitum
364 1307 585 1348 hominum
614 1307 968 1362 nequissimorum
988 1307 1160 1349 collusio
1195 1322 1291 1348 cum
1325 1306 1578 1356 decumanis,
1602 1306 1723 1348 sociis

132 1373 217 1415 tuis
247 1378 374 1429 atque
409 1374 510 1414 adeo
550 1373 903 1428 procuratoribus,
944 1378 1088 1414 tamen
1129 1373 1255 1414 audes
1295 1372 1422 1414 ullius
1463 1372 1723 1413 mentionem

127 1439 280 1496 judicii
310 1439 480 1481 facere?
509 1439 758 1494 praesertim
787 1454 919 1494 quum
948 1439 993 1479 id
1022 1453 1107 1480 non
1137 1439 1260 1479 modo
1291 1439 1479 1479 oratione
1518 1453 1610 1479 mea
1650 1438 1722 1479 sed

132 1505 260 1547 etiam
301 1520 346 1546 re
387 1505 477 1559 ipsa
517 1503 748 1553 refellatur,
791 1504 904 1558 quod
942 1503 989 1544 in
1028 1503 1160 1544 tantis
1200 1503 1477 1544 incommodis
1508 1508 1723 1544 aratorum

132 1570 383 1626 injuriisque
404 1570 733 1611 decumanorum
753 1569 921 1610 nullum
942 1584 996 1609 ex
1015 1569 1096 1610 isto
1116 1569 1331 1624 praeclaro
1347 1569 1483 1610 edicto
1494 1581 1583 1610 non
1599 1569 1722 1609 modo

132 1636 291 1677 factum
312 1636 384 1677 sed
403 1651 457 1677 ne
476 1635 737 1690 postulatum
757 1634 929 1689 quidem
945 1634 1154 1689 judicium
1175 1634 1403 1675 invenitur.
1464 1634 1559 1675 Erit
1580 1639 1723 1675 tamen

132 1702 178 1742 in
209 1706 392 1743 aratores
421 1701 557 1742 lenior
587 1716 716 1756 quam
745 1700 926 1742 videtur.
988 1699 1101 1740 Nam
1123 1699 1196 1755 qui
1216 1700 1261 1740 in
1283 1700 1535 1741 decumanos
1565 1700 1723 1754 octupli

127 1767 337 1823 judicium
368 1782 411 1807 se
440 1767 639 1807 daturum
660 1765 807 1814 edixit,
830 1765 942 1806 idem
963 1764 1113 1805 habuit
1134 1765 1180 1805 in
1201 1765 1337 1806 edicto
1365 1781 1407 1806 se
1439 1765 1484 1806 in
1515 1770 1722 1806 aratorem

132 1832 178 1874 in
200 1831 483 1888 quadruplum
504 1831 715 1872 daturum.
779 1830 884 1876 Quis
904 1830 1018 1871 hunc
1040 1831 1166 1871 audet
1186 1831 1324 1872 dicere
1345 1831 1578 1872 aratoribus
1594 1830 1720 1872 infes-

132 1902 224 1938 tum
245 1903 319 1938 aut
339 1896 560 1937 inimicum
581 1896 741 1938 fuisse?
772 1901 931 1952 quanto
960 1895 1096 1937 lenior
1117 1901 1178 1937 est
1200 1911 1326 1951 quam
1347 1896 1392 1937 in
1414 1896 1685 1951 publicanum
1703 1897 1722 1938 Ρ

133 1963 283 2004 Edixit
312 1969 360 2004 ut
390 1963 502 2018 quod
531 1964 786 2004 decumanus
816 1962 1015 2004 edidisset
1044 1962 1125 2003 sibi
1154 1962 1246 2003 dari
1267 1968 1470 2017 oportere,
1494 1963 1539 2003 id
1559 1963 1611 2004 ab
1632 1978 1721 2004 ara-

133 2034 223 2071 tore
243 2029 516 2084 magistratus
548 2027 713 2070 Siculus
745 2027 947 2083 exigeret.
1010 2027 1124 2074 Quid
1155 2027 1309 2083 reliqui
1341 2033 1403 2068 est
1428 2027 1581 2083 judicii
1610 2028 1722 2083 quod

133 2095 180 2135 in
215 2100 422 2136 aratorem
453 2093 546 2135 dari
580 2094 745 2149 possit?
833 2094 932 2135 Non
966 2093 1126 2134 malum
1158 2099 1233 2143 est,
1274 2093 1427 2149 inquit,
1470 2109 1557 2134 esse
1597 2093 1722 2134 istam

135 2160 418 2209 formidinem,
450 2165 510 2210 ut,
542 2175 673 2216 quum
704 2164 901 2201 exactum
930 2159 985 2201 sit
1015 2159 1067 2200 ab
1098 2164 1273 2209 aratore,
1307 2165 1451 2200 tamen
1471 2174 1525 2200 ne
1546 2174 1588 2200 se
1609 2174 1720 2200 com-

178 2284 328 2324 Apronio
344 2283 571 2325 condemnare]
605 2283 905 2320 ‘Condemnarent,'
949 2283 1106 2314 Hercules
1116 2283 1212 2323 juvet
1222 2283 1231 2296 '
1246 2283 1311 2314 had
1326 2283 1456 2314 become
1471 2283 1611 2314 reduced
1620 2285 1655 2314 to
1664 2283 1722 2314 the

137 2338 223 2358 some
233 2327 327 2357 MSS.
352 2327 538 2363 Lambinus,
550 2328 580 2357 in
592 2327 642 2357 his
652 2328 723 2358 first
733 2328 793 2363 ed„
805 2330 905 2357 wrote

136 2374 147 2388 ‘
157 2370 394 2401 condonarent’
413 2370 559 2410 (Zumpt)
573 2383 579 2400 z
599 2381 640 2400 an
655 2371 773 2401 absurd
789 2371 905 2401 altera-

135 2414 216 2445 tion.
263 2413 396 2443 Instead
419 2413 455 2443 of
473 2413 587 2453 simply
611 2414 755 2453 refusing
778 2414 834 2444 the
852 2414 905 2443 de-

136 2457 235 2487 mand
250 2457 286 2487 of
301 2457 358 2487 the
375 2459 384 2472 ‘
394 2456 524 2491 arator:
541 2456 619 2496 they
635 2457 751 2493 would,
767 2467 838 2497 says
854 2456 905 2487 Ci-

137 2511 219 2537 cero,
235 2502 291 2541 try
306 2499 336 2529 if
353 2499 431 2539 they
448 2499 541 2529 could
563 2502 621 2529 not
645 2500 717 2539 give
740 2510 759 2530 a
780 2500 906 2530 verdict

136 2544 265 2584 against
288 2543 366 2579 him,
393 2542 499 2572 which
522 2542 558 2572 of
577 2552 686 2572 course
710 2543 789 2582 they
812 2542 907 2572 could

136 2590 195 2618 not
205 2587 245 2617 do
250 2599 260 2623 ,-
275 2587 336 2616 but
347 2585 459 2616 Cicero
471 2584 583 2625 speaks
593 2585 808 2626 oratorically.
838 2585 906 2615 The

135 2630 245 2661 dative
269 2628 448 2670 ‘Apronio’
472 2628 497 2658 is
520 2628 553 2657 in
577 2628 771 2668 conformity
792 2631 826 2658 to
848 2628 906 2658 the

133 2673 283 2704 formula.
328 2672 426 2703 Gaius
444 2671 498 2712 (iv.
509 2670 576 2711 47),
595 2671 658 2700 “id
668 2671 768 2710 judex
780 2671 903 2701 Nume-

133 2717 219 2747 rium
236 2716 412 2757 Negidium
428 2714 510 2745 Aulo
526 2714 643 2751 Agerio
659 2714 903 2744 condemnato.''

177 2761 229 2790 13.
255 2760 291 2790 Si
305 2757 494 2798 mehercule]
542 2757 640 2787 Klotz
655 2757 712 2787 has
734 2761 803 2787 ‘me
820 2757 903 2787 Her-

133 2803 242 2833 cules.’
310 2806 320 2820 ‘
337 2802 428 2833 Unus
473 2800 547 2841 (Lg.
593 2800 648 2840 42)
689 2800 902 2836 mehercules:

134 2846 263 2886 Zumpt.
309 2846 342 2876 It
358 2846 384 2876 is
399 2847 457 2876 not
472 2844 570 2884 likely
582 2843 657 2874 that
674 2843 785 2874 Cicero
800 2846 901 2874 wrote

134 2892 204 2920 ‘me
232 2888 410 2920 Hercules?
455 2888 523 2918 The
549 2886 728 2927 expression
756 2887 823 2918 ‘ita
850 2897 902 2918 me

950 2327 1088 2357 familiar
1102 2327 1185 2356 form
1202 2330 1211 2343 ‘
1220 2327 1424 2357 mehercule?

989 2370 1166 2410 publicano
1190 2369 1402 2410 tradidisses]
1449 2370 1566 2400 Verres
1588 2370 1653 2400 had
1675 2370 1722 2401 let

949 2413 1006 2444 the
1031 2413 1222 2443 ‘decumae'
1245 2415 1280 2443 to
1303 2413 1359 2443 the
1376 2413 1555 2450 Public-ani,
1572 2414 1636 2444 and
1657 2414 1723 2444 had

949 2456 1089 2495 nothing
1102 2466 1191 2486 more
1206 2458 1241 2486 to
1257 2456 1297 2486 do
1312 2457 1392 2487 m'th
1408 2457 1498 2487 them
1508 2470 1518 2493 ς
1533 2457 1595 2487 but
1611 2456 1723 2487 Cicero

949 2501 1130 2539 represents
1146 2499 1213 2528 him
1230 2500 1342 2540 acting
1362 2511 1395 2530 as
1411 2511 1429 2530 a
1444 2511 1520 2531 man
1535 2500 1608 2531 who
1622 2500 1687 2530 had
1703 2510 1722 2530 a

949 2542 1052 2572 direct
1068 2542 1161 2572 claim
1178 2553 1218 2572 on
1234 2543 1291 2573 the
1308 2547 1316 2559 ‘
1328 2544 1492 2574 aratores?

991 2595 1027 2615 re
1051 2585 1176 2624 quidem
1197 2585 1291 2627 ret-a]
1339 2586 1400 2627 Lg.
1423 2588 1465 2617 42
1489 2587 1546 2617 has
1570 2590 1623 2617 ‘re
1645 2596 1722 2616 vera

950 2628 1101 2668 quidem‚'
1118 2629 1223 2659 which
1240 2629 1339 2660 Klotz
1351 2630 1482 2660 follows.
1515 2630 1634 2670 Zumpt
1650 2640 1721 2670 says

948 2671 985 2701 of
1009 2671 1075 2701 this
1105 2672 1250 2712 reading,
1283 2677 1302 2689 ‘⁴
1314 2673 1406 2710 male,
1433 2683 1509 2704 nam
1534 2673 1590 2703 fflo
1613 2672 1721 2713 potius

947 2714 1042 2745 modo
1057 2714 1169 2746 Cicero
1184 2716 1297 2746 solet.''

990 2758 1089 2787 istam
1100 2759 1344 2800 formidinem]
1391 2759 1441 2800 By
1456 2759 1513 2789 the
1529 2759 1672 2790 edictum
1688 2758 1725 2788 of

948 2800 1075 2837 Verres,
1092 2802 1149 2832 the
1166 2806 1175 2818 ‘
1185 2802 1381 2833 decumanus
1391 2803 1400 2816 ’
1417 2802 1511 2833 could
1527 2803 1653 2833 enforce
1668 2801 1718 2831 his

946 2844 1039 2874 claim
1061 2845 1188 2885 against
1209 2856 1250 2876 an
1267 2845 1413 2876 ‘arator’
1430 2845 1538 2876 before
1553 2856 1571 2876 a
1588 2845 1718 2876 Siciliau

946 2888 1200 2927 ‘magistratmf
1246 2889 1350 2920 There
1365 2898 1448 2920 were
1470 2889 1504 2919 in
1524 2889 1581 2919 the
1597 2887 1719 2919 several
