1849 3167
520 123 644 166 AOT.
677 123 741 165 Π.
773 122 961 164 LIBER
993 121 1287 169 QUARTUS.
1627 123 1712 166 467

103 236 282 292 imperio
302 236 499 279 fuerunt:
533 253 656 280 nemo
677 238 875 279 inventus
896 241 959 279 est
983 241 1073 278 tam
1094 252 1238 279 amens
1259 237 1333 293 qui
1352 238 1461 279 illud
1482 243 1710 294 argentum

42 318 44 321 ·
103 307 192 344 tam
218 303 482 358 praeclarum
511 319 557 345 ac
585 309 674 345 tam
698 303 838 345 nobile
859 303 1054 358 eriperet,
1077 318 1202 344 nemo
1230 309 1320 344 tam
1347 305 1487 345 audax
1516 305 1589 359 qui
1616 320 1710 360 pos--

103 375 228 418 ceret,
251 384 375 410 nemo
402 374 491 410 tam
515 369 740 424 impudens
764 369 838 424 qui
862 369 1097 423 postularet
1124 374 1173 409 ut
1194 370 1410 410 venderet.
1472 369 1710 424 Superbum

102 439 165 475 est
186 435 312 483 enim,
331 434 508 490 judices,
533 441 575 476 et
605 450 691 475 uon
715 434 950 484 ferendum,
974 434 1113 475 dicere
1143 440 1382 489 praetorem
1413 435 1459 475 in
1490 435 1710 489 provincia

101 499 267 540 homini
287 500 476 549 honesto,
499 499 713 559 locupleti,
732 492 965 563 splendido,
985 499 1134 540 Vende
1155 500 1264 540 mihi
1284 515 1385 541 vasa
1406 499 1579 540 caelata.
1613 500 1709 542 Hoc

101 570 164 606 est
189 565 305 606 enim
332 565 482 614 dicere,
506 565 605 606 Non
626 581 669 606 es
695 566 853 620 dignus
881 570 929 606 tu
950 565 1026 620 qui
1052 565 1208 607 habeas
1229 581 1337 621 quae
1358 571 1444 606 tam
1468 566 1575 606 bene
1597 565 1708 607 facta

101 635 223 671 sunt:
256 646 372 672 meae
403 631 629 686 dignitatis
659 631 741 672 ista-
771 636 882 672 sunt.
944 631 1009 672 Tu
1038 631 1224 687 dignior,
1247 631 1416 680 Verres,
1444 646 1574 690 quam
1594 630 1706 671 Cali-

101 695 196 737 dius
216 696 397 751 qui—ut
420 711 506 737 non
531 695 746 737 conferam
767 695 902 737 vitam
928 711 1065 751 neque
1091 696 1451 737 existimationem
1471 702 1591 736 tuam
1611 711 1709 737 cum

100 760 240 811 illius3
273 777 410 817 neque
431 762 545 802 enim
566 767 628 802 est
649 761 928 813 conferenda3
966 762 1045 802 hoc
1066 761 1207 816 ipsum
1227 762 1443 803 conferam
1472 777 1556 817 quo
1586 767 1635 803 tu
1664 767 1707 803 te

101 827 359 880 superiorem
379 827 520 882 fingis,
539 828 653 883 quod
673 826 748 867 HS
771 840 840 867 ccc
855 826 992 867 millia
1013 817 1268 869 divisoribus
1288 835 1337 868 ut
1357 833 1528 882 praetor
1548 842 1705 868 renun-

100 891 254 933 tiarere
275 892 443 942 dedisti,
466 898 656 933 trecenta
685 892 918 933 accusatori
947 906 1001 933 ne
1026 892 1106 934 tibi
1126 893 1292 934 odiosus
1314 898 1434 942 esset,
1458 908 1507 933 ea
1537 907 1582 933 re
1606 907 1704 933 con·

101 958 254 999 temnis
267 964 505 1014 equestrem
521 959 714 999 ordinem
735 973 784 999 ac
806 959 985 1012 despicis
1000 959 1127 999 P—ea
1147 974 1193 999 re
1214 959 1294 999 tibi
1315 958 1545 1014 indignum
1565 958 1706 999 visum

100 1028 162 1064 est
183 1024 416 1079 quidquam
437 1025 551 1080 quod
580 1024 660 1065 tibi
690 1023 876 1078 placeret
898 1023 1112 1065 Calidium
1141 1024 1282 1079 potius
1302 1025 1458 1065 habere
1479 1039 1608 1078 quam
1628 1029 1670 1064 te
1685 1024 1705 1064 Ρ
1730 1037 1763 1062 ,ι

101 1087 226 1129 XXI.
269 1089 297 1129 J
300 1095 412 1131 aetat
453 1105 496 1131 se
531 1090 787 1145 jarngludum
826 1089 878 1129 de
910 1088 1098 1130 Calidio:
1140 1095 1288 1130 narrat
1330 1090 1525 1130 omnibus
1556 1088 1705 1130 emisse

99 1168 154 1194 se.
216 1154 334 1195 Num
354 1155 483 1195 etiam
504 1155 555 1195 de
576 1154 625 1195 L.
649 1154 842 1209 Papinio,
866 1154 959 1194 viro
979 1154 1196 1208 primario
1219 1154 1423 1213 locupleti
1438 1148 1704 1208 'honestoque

98 1218 240 1273 equite
275 1218 481 1268 Romano,
513 1219 751 1260 turibulum
781 1219 955 1260 emisti?
996 1219 1071 1274 qui
1105 1234 1182 1274 pro
1217 1219 1459 1260 testimonio
1492 1218 1604 1259 dixit
1644 1224 1700 1269 te,

98 1298 229 1339 quum
263 1284 576 1339 inspiciendum
610 1284 880 1339 poposcisses,
914 1284 1346 1340 evgl‘spnmemblemate
1381 1283 1616 1333 remisisse3
1654 1289 1703 1324 ut

97 1349 351 1404 intelligatis
380 1350 427 1390 in
456 1350 629 1391 homine
656 1349 990 1405 intelligentiam
1019 1366 1119 1400 esse,
1141 1365 1228 1391 non
1259 1350 1496 1398 avaritiam,
1531 1348 1703 1390 artificii

97 1415 299 1470 cupidum
319 1430 406 1456 non
427 1415 598 1470 argenti
618 1414 758 1456 fuisse.
820 1415 911 1457 Nec
933 1415 1068 1457 solum
1090 1416 1136 1457 in
1157 1415 1339 1471 Papinio
1361 1415 1444 1456 fuit
1470 1415 1550 1456 hac
1572 1415 1701 1456 absti-

95 1481 266 1522 nentia:
299 1481 437 1522 tenuit
466 1482 546 1522 hoc
567 1481 815 1522 institutum
837 1481 884 1521 in
907 1481 1107 1523 turibulis
1135 1481 1331 1523 omnibus
1359 1496 1634 1536 quaecunque
1655 1480 1702 1521 in

96 1545 240 1587 Sicilia
261 1546 446 1588 fuerunt.
509 1546 771 1588 Incredibile
792 1551 855 1588 est
876 1552 1018 1588 autem
1046 1562 1176 1603 quam
1203 1547 1339 1588 multa
1361 1552 1402 1588 et
1422 1562 1551 1601 quam
1577 1561 1699 1601 prae-

96 1611 209 1652 clara
244 1611 416 1652 fuerint.
479 1611 614 1653 Credo
645 1617 739 1652 tum
768 1627 901 1667 quum
932 1611 1077 1654 Sicilia
1107 1612 1284 1654 florebat
1315 1612 1464 1667 opibus
1494 1618 1536 1652 et
1569 1611 1700 1666 copiis

95 1691 253 1731 magna
283 1670 463 1717 artificia
493 1676 621 1718 fuisse
650 1677 697 1718 in
728 1693 777 1718 ea
806 1677 971 1728 insula3
1008 1693 1109 1719 nam
1139 1678 1288 1719 domus
1319 1683 1410 1719 erat
1440 1682 1539 1718 ante
1569 1677 1699 1717 istum

95 1826 248 1864 potestas,
260 1823 392 1863 insuper
401 1823 500 1853 datur
512 1823 706 1863 imperium.'
731 1824 790 1854 See
801 1824 873 1855 Lib.
917 1825 970 1861 off,
987 1825 1051 1855 and
1067 1835 1149 1866 says,
1167 1829 1176 1842 ‘
1189 1827 1227 1855 ut
1243 1835 1308 1855 non
1324 1824 1486 1855 conferam
1506 1847 1513 1854 .
1531 1846 1538 1853 .
1557 1846 1564 1853 .
1581 1824 1696 1859 tuam,'

95 1869 126 1897 3.
158 1878 184 1897 c.
217 1867 268 1903 57,
301 1870 309 1883 ‘
321 1877 421 1906 quum
455 1867 495 1896 ab
525 1867 673 1896 omnibus
691 1890 698 1897 .
718 1890 724 1896 .
741 1870 873 1907 propter

95 1910 289 1950 imperium,'
303 1910 358 1940 ἆυ.
394 1910 461 1940 But
473 1910 505 1939 in
516 1909 588 1939 Lib.
603 1912 632 1939 3.
646 1920 672 1939 e.
688 1911 738 1945 18,
752 1910 871 1950 Zumpt

94 1953 152 1984 has
169 1957 178 1970 ‘
187 1963 348 1983 summum
362 1953 534 1992 imperium
545 1955 805 1992 potestatemque
816 1953 871 1983 ha-

94 1997 186 2027 beret
199 1996 218 2026 :'
241 1996 305 2026 and
327 1997 358 2026 iu
378 1996 444 2026 this
465 2006 551 2026 same
567 1995 660 2031 hook,
679 2007 705 2025 c.
724 1997 776 2032 22,
795 2000 871 2035 ‘pro

93 2040 228 2079 imperio
251 2042 285 2070 et
308 2039 493 2079 potestate.'
539 2039 606 2069 The
623 2041 745 2069 matter
769 2039 794 2068 is
814 2042 871 2069 not

93 2083 199 2113 worth
223 2083 341 2119 notice,
358 2085 472 2122 except
495 2084 530 2112 to
552 2082 639 2111 show
659 2082 714 2112 the
738 2082 870 2112 useless-

93 2136 165 2157 ness
180 2126 217 2156 of
228 2126 319 2156 these
335 2126 461 2155 minute
478 2136 605 2155 canons.

137 2179 220 2209 quae
240 2171 308 2198 tam
325 2169 400 2199 bene
409 2170 511 2208 J'acla
533 2171 607 2198 sunl
620 2167 646 2208 :]
694 2168 762 2197 The
777 2178 868 2208 ques-

91 2212 163 2243 tion
192 2213 219 2242 is
244 2212 391 2242 between
423 2216 431 2228 ‘
442 2214 519 2242 sunt
530 2212 538 2223 '
566 2211 630 2241 and
658 2216 664 2227 ‘
678 2211 767 2245 sint‚’
798 2222 869 2251 says

93 2255 223 2295 Zumpt,
235 2255 307 2285 who
317 2255 443 2285 decides
453 2255 503 2284 for
520 2258 527 2271 ‘
538 2258 615 2284 sunt-
627 2255 634 2266 ’
651 2264 691 2284 on
708 2254 868 2285 sufficient

91 2308 229 2329 reasons.
275 2298 307 2328 N
310 2298 413 2338 obody
430 2308 489 2327 can
505 2298 618 2331 doubt,
636 2297 707 2327 who
723 2297 780 2327 has
801 2300 868 2328 stu-

91 2341 166 2371 died
182 2341 294 2371 Cicero
310 2341 390 2371 with
407 2351 470 2381 any
487 2351 568 2371 care.
617 2340 668 2370 Hc
684 2351 794 2370 means
817 2341 870 2373 the

93 2388 102 2401 ‘
113 2394 189 2415 vasa
199 2384 207 2397 ’
224 2384 261 2414 of
273 2384 426 2414 Calidius.

135 2427 271 2466 qui—ut
293 2437 356 2457 non
371 2428 536 2466 conseram
553 2425 626 2466 Se]
677 2426 758 2456 Does
775 2430 783 2443 ‘
794 2426 868 2466 qui’

91 2470 176 2500 refer
192 2472 227 2500 to
244 2469 496 2505 ‘'1¹11—Ve1·r0s,’
513 2466 576 2499 and
599 2469 625 2499 is
646 2469 673 2499 it
689 2472 724 2499 to
739 2469 778 2499 110
794 2480 868 2500 con—

91 2513 208 2543 nected
225 2512 304 2543 with
322 2516 330 2529 ‘
343 2512 523 2543 contemnis
535 2514 548 2542 ἕ
558 2513 564 2524 ’
590 2512 636 2541 Or
651 2512 726 2542 does
742 2512 768 2543 it
784 2513 868 2543 refer

90 2558 126 2586 to
139 2555 292 2591 Calidius,
305 2555 369 2585 aud
385 2555 410 2584 is
427 2555 482 2586 the
498 2558 649 2585 sentence
662 2555 867 2596 intel-rupted

91 2602 126 2629 at
144 2598 241 2638 ‘‹1ui‚’
258 2598 322 2628 and
338 2608 356 2629 a
372 2608 441 2628 new
460 2599 539 2628 form
557 2598 652 2637 given
670 2601 704 2628 to
720 2598 747 2629 it
759 2600 773 2629 Ρ
819 2599 866 2629 Or

90 2642 179 2671 what
196 2642 221 2671 is
238 2641 294 2674 the
310 2644 385 2671 true
400 2641 632 2681 explanation?
670 2642 718 2682 By
734 2641 866 2683 looking

89 2684 171 2714 back
188 2695 236 2714 we
253 2694 325 2724 may
342 2694 392 2714 see
409 2684 498 2714 what
513 2684 539 2713 is
555 2687 675 2715 meant.
722 2689 730 2702 ‘
743 2684 817 2715 Non
833 2695 866 2716 cs

89 2727 208 2768 dignus
225 2730 262 2758 tu
279 2727 332 2766 qui
350 2727 601 2757 habeas——mcae
613 2727 785 2766 dignitatis
800 2729 863 2759 ista

89 2771 189 2801 sunt?
250 2770 361 2800 Cicero
391 2770 471 2800 then
505 2780 586 2810 sayS,
619 2775 627 2787 ‘
638 2771 688 2801 '1¹11
723 2771 862 2811 dignior,

90 2813 220 2848 Verres,
244 2823 340 2853 quam
371 2813 524 2849 Calidius,
549 2813 603 2853 qui
627 2814 702 2850 —3'
729 2814 793 2845 aud
823 2814 862 2845 hc

89 2856 195 2891 would
211 2856 292 2891 have
308 2856 413 2887 added
429 2860 437 2873 ‘
448 2856 565 2887 habeas
578 2856 596 2886 :'
616 2857 678 2888 but
692 2857 733 2888 he
748 2857 863 2889 breaks

917 1868 984 1904 Kc,
1001 1868 1108 1898 where
1124 1868 1181 1898 the
1198 1872 1206 1885 ‘
1217 1871 1308 1898 tuam
1323 1868 1331 1879 ’
1347 1878 1448 1897 seems
1467 1871 1502 1897 to
1517 1867 1604 1896 show
1621 1867 1697 1897 that

916 1910 974 1941 the
991 1911 1064 1950 ‘qui
1079 1911 1087 1923 '
1108 1915 1195 1941 must
1219 1911 1258 1940 he
1279 1910 1421 1940 referred
1446 1914 1480 1940 to
1505 1910 1596 1940 ‘Tin'
1644 1910 1695 1940 He.

916 1954 1068 1993 proceeds
1084 1956 1118 1984 to
1136 1958 1143 1970 ‘
1155 1964 1191 1983 nc
1207 1953 1366 1992 despicis?
1382 1953 1462 1983 with
1474 1952 1578 1982 which
1592 1953 1695 1983 words

916 1996 956 2027 he
980 1997 1078 2026 closes
1101 1997 1192 2026 these
1216 1996 1434 2036 sai-eastically
1455 1996 1602 2025 assumed
1626 2006 1694 2026 rea-

915 2050 987 2069 sons
1003 2040 1040 2069 of
1052 2039 1108 2070 the
1124 2042 1255 2079 greater
1271 2039 1461 2070 worthiness
1477 2040 1514 2068 ot'
1527 2038 1643 2069 Verres
1659 2043 1694 2069 to

914 2092 1045 2122 possess.
1103 2083 1179 2117 But,
1207 2082 1334 2112 instead
1359 2082 1395 2112 of
1417 2082 1611 2121 continuiug
1636 2082 1693 2112 thc

914 2126 1045 2165 regular
1068 2126 1301 2160 constructum,
1325 2125 1399 2165 *qui
1423 2125 1563 2158 habeas:
1587 2125 1693 2155 which

914 2168 954 2198 he
978 2169 1041 2199 had
1065 2169 1221 2199 rendered
1245 2168 1426 2208 impossible
1450 2168 1491 2208 by
1515 2168 1572 2198 the
1589 2169 1694 2198 words

914 2211 1108 2252 interposed.
1125 2212 1165 2242 110
1184 2222 1326 2242 resumes
1342 2211 1421 2242 with
1439 2222 1457 2241 11
1473 2221 1542 2241 new
1560 2212 1640 2241 form
1659 2212 1697 2241 of

913 2255 1106 2295 expression,
1132 2259 1190 2285 ‘en
1212 2265 1246 2285 re
1270 2255 1329 2284 tihi
1355 2255 1548 2293 indignuni‚'
1573 2256 1628 2284 ἂν.
1675 2255 1691 2285 1

914 2297 994 2328 have
1014 2298 1238 2328 endeavoured
1261 2302 1296 2328 to
1318 2298 1410 2338 point
1431 2298 1457 2328 it
1479 2309 1512 2328 as
1537 2298 1548 2327 1
1574 2297 1692 2328 under-

913 2341 1009 2371 stand
1035 2341 1071 2372 it..
1117 2341 1185 2372 The
1212 2341 1363 2382 pointing
1387 2341 1424 2372 of
1444 2341 1500 2371 the
1519 2341 1640 2371 editors
1665 2341 1692 2371 is

914 2384 1171 2424 unintelligible;
1194 2387 1230 2415 at
1246 2385 1326 2415 least
1343 2388 1377 2414 to
1392 2395 1454 2415 me.

956 2428 1169 2469 divisoribus]
1232 2428 1290 2458 Sec
1330 2427 1496 2459 Index.——‘
1508 2430 1656 2458 trecenta
1671 2428 1691 2458 :'

913 2474 934 2487 “
947 2471 1038 2501 codd.
1052 2483 1058 2501 :
1077 2471 1198 2502 Lxxx
1209 2471 1248 2501 dc
1259 2472 1371 2502 Garat.
1386 2471 1468 2510 conj.
1483 2471 1613 2511 Zumpt.
1635 2471 1689 2501 Kl.

914 2513 953 2544 In
969 2515 1111 2544 muneris
1127 2515 1235 2555 aliquo
1250 2514 1345 2544 modo
1361 2514 1533 2544 turbatum
1556 2518 1617 2547 est.
1633 2514 1689 2544 sed

911 2557 1072 2588 incertum
1089 2568 1152 2598 quo
1164 2558 1182 2571 ’'
1201 2557 1361 2598 (lorduu).
1400 2562 1407 2574 ‘
1420 2557 1470 2587 Ne
1486 2557 1546 2587 tibi
1562 2557 1689 2587 odiosus

910 2603 994 2631 esset
1007 2601 1015 2613 '
1031 2611 1142 2631 means
1164 2605 1171 2618 ‘
1185 2601 1259 2632 that
1279 2601 1319 2631 he
1340 2600 1456 2630 should
1475 2600 1549 2639 give
1564 2611 1629 2640 you
1646 2610 1687 2630 no

909 2643 1060 2674 trouble?

954 2687 1005 2717 21.
1044 2686 1209 2727 crificia]
1257 2686 1325 2716 The
1356 2685 1444 2715 word
1481 2695 1591 2715 means
1629 2685 1687 2716 the

907 2733 915 2746 ‘
929 2730 1020 2766 nrts,’
1036 2741 1055 2760 a
1071 2730 1254 2761 conclusion
1272 2729 1345 2759 that
1373 2729 1489 2768 Zumpt
1515 2728 1573 2758 hus
1596 2739 1686 2759 come

907 2774 952 2807 to,
969 2773 1095 2813 though
1119 2775 1155 2803 at
1172 2774 1243 2803 first
1266 2772 1306 2802 he
1322 2783 1393 2812 says
1409 2772 1483 2802 that
1501 2771 1540 2801 he
1557 2767 1621 2802 {vus
1637 2772 1685 2801 in-

907 2815 1013 2847 clined
1028 2819 1063 2847 to
1080 2816 1156 2847 take
1172 2816 1200 2846 it
1216 2816 1265 2846 for
1282 2822 1288 2832 ⁸
1303 2815 1445 2845 officinas
1464 2814 1685 2845 caelatormn.‘

907 2858 1019 2899 Comp.
1045 2859 1110 2891 Pro
1137 2860 1170 2889 S.
1197 2858 1291 2889 Rosc.
1315 2859 1425 2889 Amor.
1447 2869 1474 2889 0.
1499 2858 1552 2893 46,
1578 2857 1685 2888 where

817 2900 958 2945 11112
