1849 3167
503 94 631 136 AGT.
665 93 728 135 Π.
761 92 951 134 LIBER
984 90 1263 139 QUINTUS.
1604 91 1686 132 625

82 223 169 250 non
195 209 383 250 humana
404 224 535 250 manu
556 208 713 250 factam
739 208 813 249 sed
839 207 891 247 de
912 206 1026 247 coelo
1047 205 1223 260 lapsam,
1246 204 1581 246 arbitrarentur:
1613 219 1688 245 vos

83 274 213 315 etiam
233 279 360 328 atque
381 274 511 315 etiam
539 273 720 328 imploro
741 278 784 314 et
805 271 983 327 appello,
1008 271 1297 312 sanctissimae
1318 270 1432 319 deae,
1456 284 1563 324 quae
1593 269 1688 309 illos

83 338 335 380 Hennenses
361 339 477 381 lacus
504 339 703 393 lucosque
731 337 929 386 incolitis,
954 344 1214 390 cunctaeque
1242 335 1423 383 Siciliae,
1446 350 1553 389 quae
1580 333 1689 374 mihi

84 403 350 444 defendenda
370 404 528 445 tradita
549 409 624 452 est,
640 403 913 458 praesidetis;
947 417 970 442 a
992 402 1145 456 quibus
1166 400 1353 441 inventis
1370 399 1565 453 frugibus
1579 405 1620 439 et
1641 399 1690 440 in

85 469 230 510 orbem
242 474 452 509 terrarum
473 469 712 510 distributis
729 483 873 508 omnes
897 473 1045 521 gentes
1067 481 1114 506 ac
1128 465 1320 506 nationes
1336 464 1468 505 vestri
1481 463 1688 518 religione

84 534 273 574 numinis
294 534 589 575 continentur:
623 538 781 574 ceteros
808 532 912 572 item
940 531 1038 571 deos
1066 531 1247 584 deasque
1269 544 1413 570 omnes
1444 528 1624 582 imploro
1647 535 1689 568 et

85 599 282 648 obtestor,
306 614 484 654 quorum
505 598 675 653 templis
696 602 738 638 et
759 595 1038 651 religionibus
1059 596 1138 636 iste
1158 594 1321 635 nefario
1343 594 1527 648 quodam
1547 592 1689 633 furore

67 670 128 705 .et
149 664 324 705 audacia
347 664 574 705 instinctus
602 663 762 705 bellum
788 661 1045 716 sacrilegum
1065 675 1230 715 semper
1254 660 1518 714 impiumque
1538 658 1689 699 habuit

85 729 308 778 indictum,
331 734 379 769 ut
409 729 445 770 si
469 729 516 769 in
542 729 622 770 hoc
653 743 724 769 reo
752 732 879 782 atque
904 726 951 766 in
976 726 1055 766 hac
1081 740 1206 766 causa
1227 724 1368 766 omnia
1399 739 1493 765 mea
1513 723 1690 764 consilia

87 795 141 835 ad
161 794 342 835 salutem
363 794 582 843 sociorum,
601 793 857 848 dignitatem
879 791 1025 846 populi
1046 790 1242 840 Romani,
1265 790 1392 830 fidem
1412 804 1552 830 meam
1572 804 1687 843 spec-

86 864 299 908 taverunt,
317 859 352 900 si
372 859 537 900 nullam
557 859 611 899 ad
632 874 721 899 rem
741 857 825 898 nisi
846 857 900 898 ad
921 856 1105 897 officium
1126 860 1168 896 et
1181 856 1386 896 virtutem
1406 869 1551 896 omnes
1571 869 1689 895 meae

86 939 223 974 curae,
246 923 434 979 vigiliae,
458 923 819 979 cogitationesque
839 921 1123 969 elaborarunt,
1146 936 1253 975 quae
1274 935 1367 961 mea
1386 934 1506 960 mens
1532 919 1578 959 in
1600 934 1687 960 sus-

87 988 283 1044 cipienda
304 1004 428 1030 causa
449 988 544 1038 fuit,
567 988 670 1029 fides
691 988 737 1028 in
758 987 936 1042 agenda,
960 986 1107 1026 eadem
1128 991 1268 1026 vestra
1289 985 1344 1025 sit
1368 984 1414 1025 in
1430 984 1687 1040 judicanda3

87 1054 240 1095 deinde
270 1053 336 1094 uti
367 1053 411 1094 C.
444 1053 637 1103 Verrem,
670 1053 704 1094 si
735 1052 825 1107 ejus
856 1051 998 1092 omnia
1028 1055 1128 1091 sunt
1157 1049 1351 1090 inaudita
1381 1054 1423 1090 et
1454 1048 1690 1103 singularia

88 1119 277 1160 facinora
297 1118 477 1168 sceleris,
496 1118 708 1166 audaciae,
726 1116 941 1172 perfidiae,
959 1115 1164 1164 libidinis,
1180 1114 1395 1163 avaritiae,
1411 1113 1689 1162 crudelitatis,

88 1184 245 1239 dignus
266 1184 405 1224 exitus
427 1183 634 1238 ejusmodi
652 1183 741 1223 vita
762 1187 889 1236 atque
908 1180 1031 1221 factis
1051 1185 1190 1221 Vestro
1213 1179 1375 1234 judicio
1395 1183 1689 1233 consequatur,

87 1250 235 1304 utique
260 1264 325 1290 res
346 1249 516 1303 publica
542 1263 720 1302 meaque
741 1247 843 1287 fides
870 1261 956 1286 una
979 1245 1059 1286 hac
1084 1244 1349 1286 accusatione
1373 1259 1467 1284 mea
1491 1248 1691 1284 contenta

88 1314 155 1364 sit,
178 1314 367 1368 mihique
397 1313 572 1368 posthac
601 1314 731 1354 bonos
761 1311 902 1367 potius
928 1310 1154 1351 defendere
1174 1309 1300 1350 liceat
1320 1323 1450 1364 quam
1478 1308 1691 1362 improbos

89 1394 282 1421 accusare
302 1393 470 1419 necesse
490 1378 557 1419 sit.

132 1494 172 1523 cle
193 1493 280 1524 coelo
303 1491 376 1535 thu]
422 1492 491 1523 ‘De
507 1492 593 1523 coelo
609 1491 795 1532 dela1)sam‚'
811 1491 869 1523 tho
957 1491 1181 1521 continenlur.
1178 1501 1184 1508 ·
1207 1487 1349 1529 ceteros]
1397 1486 1517 1527 Zumpt
1539 1485 1648 1527 points
1664 1485 1692 1516 it

89 1546 238 1567 common
272 1536 408 1575 reading
437 1536 503 1566 and
537 1535 646 1566 Orelli.
650 1554 691 1557 -—
695 1536 869 1575 ‘lucosque
915 1535 1157 1565 ‘continentur.
1204 1532 1346 1563 Ceteros'
1364 1531 1435 1566 {eq
1459 1531 1530 1565 but,
1542 1540 1575 1560 as
1592 1529 1693 1559 Onlli

90 1579 225 1610 colitis?
243 1578 354 1615 Omni,
370 1579 536 1618 following
551 1578 720 1614 Garatoni,
737 1579 809 1608 who
819 1589 868 1608 re·
913 1577 1070 1613 remarks
1086 1576 1195 1607 thisis
1211 1586 1230 1606 a
1246 1555 1472 1605 continuati'on
1489 1574 1526 1603 ot
1542 1573 1599 1603 the
1616 1573 1692 1611 long

90 1622 201 1652 marks
216 1622 292 1652 that
309 1622 441 1652 ‘colere'
454 1622 480 1651 is
492 1622 550 1652 the
565 1632 601 1651 οι
602 1622 717 1662 dmm
734 1632 762 1651 w
765 1621 842 1651 ord
835 1632 869 1651 m
913 1623 1066 1651 sentence
1081 1619 1188 1650 which
1206 1618 1350 1659 begins‘
1361 1617 1459 1648 Niulc
1474 1618 1518 1653 tc,
1536 1615 1692 1655 Jupiter,

91 1665 171 1695 such
194 1675 213 1694 a
236 1674 328 1701 ease,
357 1664 421 1694 aud
450 1665 517 1695 this
546 1674 681 1705 appears
703 1666 738 1695 to
760 1665 800 1695 be
823 1674 867 1695 so.
912 1663 969 1695 &c-

92 1709 162 1739 But
177 1707 208 1738 R
220 1709 239 1738 3
250 1713 271 1737 λ
287 1707 396 1738 have<
405 1707 567 1738 incolitis?

165 2883 258 2912 VOL-
292 2883 318 2909 l.
1411 2876 1430 2901 S
1450 2877 1469 2903 S
