1849 3167
152 146 238 188 2⁶24
735 146 804 188 IN
835 145 880 187 O.
913 144 1166 187 VERREM

156 259 394 300 Gemebant
415 258 681 314 Syracusani,
704 259 777 301 sed
806 264 950 300 tamen
979 257 1262 313 patiebantur.
1322 257 1515 312 Repente
1544 258 1749 300 recitatur

155 339 240 365 uno
280 324 451 366 nomine
491 324 567 364 HS
598 338 671 365 CCL
705 323 842 365 millia
876 324 997 378 jussu
1026 321 1232 376 praetoris
1262 322 1372 362 data.
1433 322 1507 363 Fit
1536 324 1748 365 maximus

155 390 315 431 clamor
344 389 547 439 omnium,
570 405 656 430 non
685 389 808 429 modo
839 387 990 441 optimi
1020 387 1233 441 cujusque,
1256 402 1392 442 neque
1422 403 1566 428 eorum
1595 389 1747 443 quibus

154 455 383 510 indignum
422 470 586 509 semper
620 455 758 495 visum
794 457 884 493 erat
923 452 1091 507 privata
1131 453 1240 493 bona
1279 452 1425 507 populi
1462 453 1633 494 nomine
1673 468 1748 507 per

155 536 364 562 summam
385 520 587 576 injuriam
608 523 764 573 erepta,
786 532 936 558 verum
956 517 1084 558 etiam
1104 517 1187 572 ipsi
1208 517 1273 557 illi
1293 522 1482 559 auctores
1501 518 1682 573 injuriae
1704 523 1746 559 ct

154 601 208 626 ex
229 585 370 640 aliqua
399 584 608 640 particula
635 583 735 624 80011
765 583 944 637 praedae
965 597 1013 623 ac
1034 582 1282 637 rapinarum
1302 582 1481 624 clamare
1503 589 1742 638 coeperunt,

154 650 234 692 sibi
261 655 306 691 ut
332 650 506 691 haberet
526 648 818 689 hereditatem.
880 647 1042 689 Tantus
1066 648 1113 688 in
1137 647 1254 689 curia
1274 647 1431 689 clamor
1451 647 1586 689 factus
1607 653 1669 690 cst
1696 653 1744 690 ut

153 716 333 771 populus
355 718 633 756 concurreret.
1761 704 1763 706 ’

210 780 309 821 ΧΧ.
342 780 426 821 Res
457 779 509 820 ab
530 777 646 820 omni
667 782 879 819 conventu
900 777 1072 833 cognita
1092 777 1284 819 celeriter
1307 777 1380 819 isti
1407 778 1579 820 domum
1598 778 1743 820 nunti-

153 850 260 886 atur.
334 844 475 885 Homo
514 843 713 884 inimicus
752 843 818 884 his
858 842 933 897 qui
971 842 1230 893 recitassent,
1271 842 1404 884 hostis
1442 844 1636 885 omnibus
1671 843 1746 898 qui

152 911 463 958 acclamassent,
500 908 659 950 exarsit
697 908 918 949 iracundia
957 923 1005 949 ac
1040 908 1267 949 stomacho.
1327 908 1634 949 Verumtamen
1663 909 1746 950 fuit

150 979 244 1016 tum
274 975 339 1016 8111
369 974 596 1015 dissimilis.
665 973 811 1015 Nostis
844 988 888 1014 os
920 973 1117 1022 hominis,
1149 972 1281 1014 nostis
1316 973 1559 1014 audaciam:
1600 978 1745 1014 tamen

149 1045 243 1081 tum
270 1055 438 1081 rumore
459 1044 500 1080 et
521 1039 703 1080 clamore
723 1038 871 1094 populi
898 1042 940 1079 et
964 1038 1077 1079 furto
1103 1039 1327 1079 manifesto
1349 1039 1523 1093 grandis
1543 1039 1746 1093 pecuniae

148 1107 419 1160 perturbatus
449 1110 524 1146 est.
584 1105 674 1146 Ubi
704 1119 747 1145 80
778 1104 963 1159 collegit,
995 1109 1119 1145 vocat
1153 1104 1208 1145 ad
1242 1119 1284 1145 se
1320 1103 1628 1159 Syracusanos:
1670 1104 1745 1159 qui

148 1186 236 1212 non
264 1175 404 1226 posset
432 1185 590 1225 negare
620 1170 672 1211 ab
696 1169 781 1210 illis
810 1169 1034 1224 pecuniam
1064 1169 1220 1218 datam,
1243 1183 1330 1209 non
1360 1168 1568 1223 quaesivit
1597 1169 1746 1223 procul

149 1237 356 1286 alicunde,
395 1236 548 1291 (neque
580 1235 695 1276 enim
726 1233 955 1289 probaret,)
995 1234 1069 1274 sed
1107 1233 1363 1288 proximum,
1396 1248 1530 1288 paene
1563 1233 1745 1274 alterum

149 1303 298 1352 filium,
315 1317 441 1357 quem
461 1301 582 1341 illam
601 1300 826 1355 pecuniam
848 1299 1006 1340 diceret
1023 1299 1244 1340 abstulisse
1260 1314 1268 1340 ε
1301 1298 1485 1339 ostendit
1506 1313 1548 1338 se
1568 1298 1743 1339 reddere

149 1373 404 1410 coacturum.
467 1366 552 1412 Qui
586 1370 860 1421 posteaquam
892 1364 937 1404 id
973 1363 1150 1412 audivit,
1182 1363 1332 1404 habuit
1367 1368 1409 1404 et
1444 1363 1669 1417 dignitatis
1702 1367 1744 1403 et

149 1433 299 1475 aetatis
330 1438 372 1474 et
401 1431 636 1473 nobilitatis
667 1446 765 1471 suae
800 1429 1034 1470 rationem:
1076 1429 1205 1469 verba
1242 1428 1355 1483 apud
1391 1433 1585 1469 senatum
1617 1427 1742 1469 fecit:

147 1499 291 1540 docuit
313 1499 368 1539 ad
388 1513 430 1539 50
450 1496 562 1537 nihil
581 1495 817 1551 pertinere:
850 1495 901 1535 de
922 1494 1002 1535 isto
1023 1493 1069 1535 id
1089 1494 1202 1549 quod
1223 1508 1365 1534 omnes
1386 1492 1588 1534 videbant
1608 1508 1745 1548 neque

147 1564 221 1605 ille
253 1563 426 1618 quidem
458 1563 630 1603 obscure
662 1561 826 1601 locutus
853 1564 928 1600 est.
991 1559 1144 1614 Itaque
1176 1558 1242 1599 illi
1271 1557 1526 1613 Syracusani
1560 1562 1745 1599 statuam

146 1634 292 1685 postea
332 1631 597 1669 statuerunt:
646 1630 689 1667 et
728 1624 764 1666 15
804 1629 852 1665 111
891 1623 1079 1679 primum
1116 1623 1269 1678 potuit,
1310 1623 1440 1664 istum
1478 1623 1652 1678 reliquit
1691 1623 1745 1664 de

146 1694 448 1750 provinciaque
473 1691 663 1734 decessit.
724 1690 783 1730 Et
809 1694 955 1730 tamen
979 1687 1100 1730 aiunt
1127 1703 1224 1729 eum
1250 1688 1371 1743 queri
1394 1688 1525 1729 solere
1545 1703 1741 1729 nonnun-

148 1776 277 1816 quam
298 1775 341 1801 se
360 1759 562 1800 miserum
579 1756 692 1812 quod
711 1770 798 1796 non
819 1754 905 1795 suis
927 1753 1000 1795 sed
1019 1768 1191 1794 suorum
1210 1753 1392 1808 peccatis
1413 1753 1744 1808 criminibusque

147 1830 377 1881 prematur.
439 1822 691 1864 Triennium
720 1819 984 1875 provinciam
1015 1818 1262 1860 obtinuisti:
1296 1833 1427 1874 gener
1457 1818 1613 1859 electus
1642 1819 1740 1859 ado-

146 1891 307 1933 lescens
336 1904 471 1931 unum
501 1902 662 1930 annum
691 1891 833 1928 tecum
862 1884 968 1927 fuit:
1011 1884 1185 1935 sodales,
1216 1883 1300 1926 viri
1329 1883 1470 1934 fortes,
1501 1883 1635 1939 legati
1663 1884 1741 1934 tui,

188 2014 329 2055 privata
342 2011 442 2053 bona]
486 2011 586 2042 Klotz
601 2010 659 2041 has
670 2009 810 2050 ‘privati
820 2009 926 2039 bona.³

150 2057 272 2087 Iordan
302 2067 374 2097 says
399 2056 476 2086 that
506 2054 686 2085 Lambinus
717 2052 927 2093 conjectured

151 2104 238 2130 ‘esse
273 2099 407 2139 erepta,’
438 2098 502 2129 and
534 2098 575 2127 he
605 2097 695 2133 adds,
726 2096 811 2126 “vix
840 2095 927 2125 enim

151 2143 271 2173 Latine
293 2142 424 2178 dicitur,
448 2141 620 2181 iudignum
642 2140 748 2170 visum
771 2141 821 2170 est
842 2139 927 2168 bona

152 2185 298 2225 ercpta.’'

195 2228 258 2257 siba·
280 2229 317 2256 ut
339 2225 488 2266 haberet]
515 2228 616 2256 ‘even
637 2225 730 2255 those
753 2224 826 2254 who
841 2233 926 2254 were

152 2272 188 2302 to
204 2271 297 2300 share
320 2270 354 2299 111
370 2269 426 2299 1110
442 2269 579 2308 plunder
601 2268 707 2307 began
731 2270 766 2297 to
783 2267 843 2296 eall
866 2268 924 2296 out

152 2314 228 2345 that
244 2313 362 2343 Verres
377 2312 485 2351 might
500 2311 582 2350 keep
597 2311 624 2341 it
640 2314 675 2341 to
691 2310 829 2345 himself,
846 2310 925 2348 they

152 2356 260 2387 would
275 2356 357 2385 have
372 2365 455 2385 none
471 2354 508 2384 of
525 2354 574 2384 it.'
620 2354 661 2383 In
677 2364 703 2384 c.
720 2354 761 2383 31
784 2353 878 2382 there
900 2352 927 2381 is

155 2399 324 2429 ‘habeatis
347 2408 422 2428 sane
440 2419 447 2427 .
473 2419 480 2426 .
496 2396 683 2432 vobiscum:
707 2395 845 2436 perhaps
867 2396 926 2424 not

154 2443 245 2482 quite
260 2442 318 2472 the
338 2451 425 2471 same
447 2439 555 2478 thing.
601 2439 669 2469 But
684 2439 718 2468 iu
735 2449 761 2468 0.
778 2439 830 2474 25,
849 2436 928 2466 ‘sibi

153 2486 272 2515 habere
290 2483 424 2525 jussit3'
448 2482 512 2512 aud
534 2482 568 2511 in
591 2481 663 2511 Lib.
680 2483 709 2511 4.
727 2492 754 2511 e.
770 2481 823 2517 67,
848 2479 929 2510 ‘tibi

153 2528 258 2558 habe?
304 2527 362 2557 See
379 2527 443 2556 Pro
460 2525 558 2560 Sulla,
575 2534 602 2554 0.
619 2525 649 2554 9.

199 2573 250 2601 20.
275 2570 423 2600 celeriter
459 2567 533 2607 isti]
587 2570 596 2583 ‘
610 2566 690 2596 [sti'
729 2576 794 2596 was
826 2564 932 2595 added

154 2614 197 2653 by
224 2614 343 2653 Zumpt
369 2623 411 2643 on
437 2611 522 2651 good
545 2609 726 2649 authority,
753 2609 819 2639 and
848 2608 876 2638 it
905 2608 931 2637 is

155 2657 295 2686 wanted.

200 2700 254 2737 qui
278 2709 341 2729 mm
357 2696 486 2738 posset]
528 2695 593 2725 ‘As
616 2694 734 2724 Verres
757 2693 852 2724 could
874 2694 933 2723 not

156 2741 238 2781 ‹lony
257 2742 332 2771 that
344 2751 460 2780 money
473 2739 537 2769 had
553 2739 634 2767 been
650 2737 746 2776 given
762 2737 804 2776 by
816 2735 929 2772 them,’

154 2785 232 2815 that
259 2785 295 2819 is,
323 2785 364 2824 by
390 2784 482 2814 those
514 2781 589 2821 ‘qui
614 2779 846 2820 praefuerantss
875 2778 930 2809 810.

157 2827 199 2867 (e.
217 2827 284 2866 19),
308 2827 348 2856 hc
371 2827 426 2856 did
448 2827 507 2856 not
530 2824 604 2855 look
625 2823 675 2853 for
699 2824 876 2862 strangers,
893 2831 929 2851 or

156 2880 287 2910 persons
303 2868 528 2900 uneonnected
551 2867 631 2898 with
651 2866 730 2902 him,
747 2876 781 2895 as
800 2865 857 2895 the
881 2874 929 2895 re-

971 2007 1103 2044 00111018,
1119 2007 1169 2038 for
1183 2007 1225 2038 he
1235 2006 1330 2038 could
1341 2008 1399 2037 not
1413 2007 1496 2037 have
1511 2006 1633 2046 proved
1648 2006 1724 2036 that
1734 2018 1744 2042 3

970 2052 1032 2081 but
1056 2051 1097 2081 he
1127 2050 1270 2091 charged
1298 2050 1349 2080 his
1375 2049 1559 2080 son-in-law
1584 2050 1666 2080 with
1696 2059 1746 2079 re-

972 2094 1099 2134 ceiving
1128 2094 1167 2130 it,
1198 2093 1263 2124 and
1286 2093 1449 2132 professed
1474 2093 1550 2122 that
1573 2093 1614 2122 he
1639 2092 1746 2122 would

971 2137 1067 2167 make
1096 2137 1165 2166 him
1195 2138 1319 2166 restore
1349 2136 1386 2166 it.
1432 2136 1500 2166 The
1532 2135 1744 2175 ‘proximum,

970 2190 1071 2219 paene
1087 2180 1227 2210 alterum
1244 2179 1370 2215 filium,’
1386 2178 1412 2208 is
1435 2178 1492 2208 the
1508 2178 1691 2207 son-in-law
1714 2177 1752 2207 of

970 2223 1099 2253 Verres.
1145 2222 1246 2252 Orelli
1274 2221 1332 2251 has
1357 2221 1454 2261 ‘quia
1476 2231 1542 2251 non
1567 2220 1697 2260 possct,'
1728 2230 1748 2251 0

967 2265 1032 2295 bad
1047 2265 1192 2304 reading.

1013 2318 1113 2347 neque
1145 2308 1203 2337 ille
1237 2305 1380 2347 quidem]
1415 2309 1474 2336 ‘ne
1504 2306 1558 2336 ille
1592 2305 1745 2346 quidem’

971 2350 1033 2391 Lg.
1050 2352 1092 2380 42
1107 2361 1138 2390 p.
1154 2360 1198 2380 m.
1244 2350 1374 2379 Iordau.

1013 2393 1070 2423 sed
1085 2391 1232 2432 suorum]
1280 2392 1380 2422 Klotz
1396 2391 1475 2421 adds
1491 2394 1500 2408 ‘
1513 2391 1692 2422 comitum?

1010 2446 1110 2476 gener
1139 2434 1273 2475 electus]
1321 2434 1421 2465 Orelli
1451 2434 1516 2464 and
1542 2435 1641 2464 Klotz
1665 2435 1748 2465 have

973 2482 1091 2518 ‘gener
1118 2478 1239 2508 electus
1268 2477 1472 2508 adolescens?
1517 2478 1648 2517 Zumpt,
1675 2478 1748 2507 who

975 2521 1033 2551 has
1057 2521 1199 2557 ‘lectusj
1222 2521 1306 2550 from
1323 2521 1383 2561 Lg.
1401 2522 1442 2550 42
1465 2531 1496 2560 p.
1512 2531 1566 2556 m.,
1591 2521 1690 2550 refers
1713 2522 1749 2550 to

976 2564 1086 2594 Divin.
1114 2574 1140 2593 c.
1166 2565 1205 2600 93
1230 2564 1302 2593 Lib.
1330 2565 1359 2593 1.
1387 2574 1413 2594 c.
1441 2564 1504 2600 375
1529 2563 1593 2593 and
1620 2563 1692 2593 Lib.
1717 2564 1749 2593 4.

977 2617 1004 2637 0.
1021 2607 1063 2637 36
1073 2619 1082 2644 5
1106 2607 1166 2636 but
1181 2607 1215 2636 in
1231 2607 1322 2637 these
1338 2617 1424 2636 cases
1439 2606 1497 2637 the
1513 2606 1708 2645 superlative
1723 2605 1750 2635 18

977 2650 1066 2680 used.
1112 2649 1242 2680 Servius
1273 2649 1433 2689 Sulpicius
1458 2649 1524 2689 (Ad
1548 2649 1622 2678 Div.
1646 2649 1689 2678 iv.
1716 2648 1750 2688 5)

977 2692 1035 2722 has
1053 2693 1110 2722 the
1133 2692 1326 2732 expression,
1344 2696 1401 2722 ‘ex
1424 2692 1484 2722 hae
1503 2692 1680 2731 juventute
1696 2702 1751 2730 80-

975 2745 1090 2765 nerum
1116 2735 1279 2775 deligere?
1326 2735 1454 2765 ‘Gener
1484 2734 1605 2764 electus
1631 2734 1752 2764 adoles-

976 2788 1050 2808 cens
1063 2778 1071 2790 '
1087 2778 1114 2808 is
1131 2778 1289 2818 certainly
1306 2777 1416 2814 Latin,
1428 2777 1492 2807 aud
1509 2781 1517 2794 ‘
1528 2787 1637 2817 gener,
1648 2777 1752 2806 lectus

973 2821 1178 2858 adolescens?
1206 2821 1353 2852 Iordan’s
1377 2820 1522 2860 reading,
1547 2830 1623 2861 may
1648 2819 1688 2850 bc
1718 2829 1753 2849 so

974 2865 1039 2894 too.
