1849 3167
553 120 680 163 AOT.
713 121 778 162 II.
810 120 998 162 LIBER
1028 120 1297 163 TERTIUS.
1649 125 1730 167 421

127 235 418 291 comprobasse
450 234 716 276 videremini.
777 235 909 277 Nullo
941 235 1065 276 modo
1097 250 1256 291 negare
1287 240 1452 290 potest:
1493 242 1673 293 urgetur
1708 254 1733 280 a

128 305 218 342 tota
249 300 417 342 Sicilia:
460 315 584 341 nemo
615 306 678 342 est
708 316 762 342 ex
791 306 912 341 tanto
942 315 1118 341 numero
1149 307 1366 342 aratorum
1396 317 1420 342 a
1450 318 1533 357 quo
1553 304 1732 358 pecunia

127 366 257 407 cellae
292 365 464 407 nomine
497 381 583 407 non
619 366 675 407 sit
707 370 867 407 exacta.
928 365 1099 406 Vellem
1130 366 1259 407 etiam
1290 366 1370 407 hoc
1405 374 1545 421 posset
1578 369 1730 418 dicere,

126 431 239 472 nihil
269 432 323 472 ad
347 447 389 472 se
416 431 542 472 istam
569 432 778 473 rationem
805 431 1043 486 pertinere3
1075 445 1152 485 per
1172 436 1413 486 quaestores
1434 447 1525 473 rem
1545 433 1731 474 frumen-

127 496 280 537 tariam
302 511 389 537 esse
411 496 763 537 administratam.
824 496 890 537 Ne
910 495 956 536 id
976 495 1149 550 quidem
1170 495 1209 536 ei
1229 496 1329 537 licet
1350 496 1489 538 dicere
1509 503 1733 552 propterea

126 561 238 615 quod
259 561 390 616 ipsius
411 561 559 602 literae
581 561 816 602 recitantur
837 561 891 602 ad
911 560 1104 601 civitates
1126 561 1177 601 de
1205 561 1338 602 ternis
1361 562 1546 603 denariis
1567 563 1730 603 missae.

129 626 246 672 Quae
280 632 342 668 est
378 627 513 682 igitur
549 626 770 667 defensio?
831 625 976 667 “Feci
1012 626 1125 681 quod
1165 626 1333 680 arguis:
1377 627 1499 682 coegi
1532 627 1733 682 pecunias

125 692 334 733 maximas
365 692 495 733 cellae
525 692 721 733 nomine:
755 692 826 733 sed
856 692 935 733 hoc
965 692 1074 732 mihi
1103 691 1249 741 licuit3
1281 692 1401 733 vobis
1432 693 1467 733 si
1491 692 1733 747 prospicitis

124 756 315 797 licebit-3¹
363 757 655 798 Periculosum
676 756 905 812 provinciis
928 772 1062 812 genus
1082 756 1265 812 injuriae
1286 757 1528 797 confirmari
1543 757 1705 813 judicio
1721 773 1731 808 ;

125 822 411 876 perniciosum
431 828 575 863 nostro
597 822 737 863 ordini
757 822 961 877 populum
977 821 1221 862 Romanum
1242 821 1486 863 existimare
1506 837 1593 863 non
1613 837 1733 876 posse

125 901 194 927 eos
222 887 414 928 homines
436 887 509 942 qui
530 887 612 942 ipsi
632 887 798 942 legibus
825 892 1052 928 teneantur
1076 886 1192 941 leges
1216 886 1261 926 in
1281 886 1514 942 judicando
1535 887 1733 941 religiose

125 951 363 993 defendere.
439 952 584 1007 Atque
619 952 700 993 isto
734 957 941 1006 praetore,
974 951 1152 1007 judices,
1186 966 1272 992 non
1307 951 1443 993 solum
1479 952 1734 992 aestimandi

125 1015 331 1057 frumenti
351 1017 500 1058 modus
521 1032 607 1057 non
628 1016 710 1057 fuit
731 1016 803 1057 sed
824 1031 878 1057 ne
898 1016 1138 1070 imperandi
1158 1016 1342 1071 quidem.
1380 1016 1531 1071 Neque
1552 1017 1667 1057 enim
1687 1016 1732 1057 id

124 1082 238 1136 quod
258 1082 501 1131 debebatur,
520 1082 593 1122 sed
608 1086 816 1136 quantum
830 1081 1098 1122 commodum
1110 1080 1193 1121 fuit
1214 1081 1454 1135 imperavit.
1512 1081 1732 1122 Summam

124 1146 279 1187 faciam
293 1147 412 1188 vobis
433 1162 487 1187 ex
507 1146 642 1187 literis
663 1146 846 1200 publicis
867 1161 914 1186 ac
936 1146 1192 1187 testimoniis
1213 1145 1438 1186 civitatum
1459 1145 1665 1186 frumenti
1686 1146 1732 1187 in

123 1211 275 1252 cellam
298 1211 523 1265 imperati:
556 1211 775 1265 reperietis
796 1210 1023 1265 quinquies
1043 1215 1177 1260 tanto,
1196 1210 1375 1266 judices,
1399 1210 1581 1265 amplius
1602 1211 1734 1252 istum

123 1290 251 1330 quam
282 1281 492 1330 quantum
522 1275 568 1315 in
599 1275 750 1316 cellam
781 1290 945 1316 sumere
980 1274 1063 1331 [ei]
1094 1276 1262 1317 licitum
1290 1276 1345 1317 sit
1376 1276 1620 1317 civitatibus
1650 1276 1730 1317 im-

121 1356 300 1395 perasse.
364 1340 479 1386 Quid
505 1341 560 1381 ad
586 1340 698 1382 hanc
719 1340 1031 1395 impudentiam
1058 1341 1158 1382 addi
1179 1346 1328 1396 potest,
1352 1341 1387 1382 si
1418 1346 1460 1382 et
1491 1341 1732 1382 aestimavit

121 1405 234 1446 tanti
266 1410 314 1447 ut
346 1406 540 1447 homines
576 1405 687 1447 ferre
719 1421 806 1447 non
838 1412 1022 1461 possent,
1057 1411 1099 1448 et
1134 1412 1255 1448 tanto
1284 1407 1381 1462 plus
1411 1421 1540 1462 quam
1571 1414 1662 1448 erat
1692 1407 1731 1448 ei

122 1485 366 1512 concessum
387 1470 554 1526 legibus
574 1471 804 1526 imperavit
818 1471 838 1512 P

181 1535 450 1591 Quapropter
483 1536 657 1591 cognita
686 1542 777 1578 tota
807 1551 852 1577 re
882 1535 1175 1586 frumentaria,
1201 1536 1379 1592 judices,
1404 1536 1497 1593 jam
1527 1536 1730 1578 facillime

121 1601 358 1655 perspicere
390 1602 567 1656 potestis
599 1602 798 1643 amissam
838 1617 926 1643 esse
958 1602 1115 1657 populo
1148 1602 1342 1644 Romano
1375 1602 1578 1651 Siciliam,
1617 1602 1728 1642 fruc-

122 1666 406 1707 tuosissimam
453 1672 580 1722 atque
628 1667 1030 1722 opportunissimam
1079 1668 1356 1722 provinciam,
1398 1668 1483 1708 nisi
1522 1682 1615 1708 eam
1656 1681 1730 1707 vos

122 1730 244 1771 istius
285 1731 556 1772 damnatione
597 1732 868 1786 recuperatis.
944 1731 1058 1777 Quid
1099 1738 1162 1773 est
1203 1732 1317 1773 enim
1358 1732 1515 1781 Sicilia,
1557 1732 1593 1772 si
1633 1731 1729 1786 agri

122 1795 354 1837 cultionem
397 1795 628 1845 sustuleris,
673 1801 715 1837 et
758 1796 794 1837 si
839 1800 1055 1837 aratorum
1099 1811 1326 1836 numerum
1366 1811 1413 1837 ac
1458 1811 1614 1837 nomen
1654 1811 1727 1836 ex-

121 1860 330 1901 tinxeris?
391 1859 506 1905 Quid
536 1866 678 1901 autem
707 1866 846 1915 potest
867 1876 955 1902 esse
976 1861 1022 1901 in
1043 1861 1285 1902 calamitate
1309 1861 1467 1901 residui
1497 1861 1611 1915 quod
1641 1875 1728 1902 non

123 1926 178 1966 ad
212 1925 386 1966 miseros
419 1930 605 1966 aratores
645 1925 726 1967 isto
766 1931 960 1980 praetore
994 1941 1070 1980 per
1110 1940 1320 1966 summam
1359 1925 1563 1980 injuriam
1603 1925 1725 1981 iguo·

122 1990 384 2046 miniamque
414 1989 691 2045 pervenerit?
722 1991 874 2045 quibus
906 2005 1037 2045 quum
1068 1990 1265 2031 decumas
1295 1990 1395 2030 dare
1422 1990 1623 2031 deberent
1652 1991 1727 2032 vix

122 2089 180 2119 the
197 2088 292 2119 order
308 2089 334 2118 is
354 2092 428 2118 ‘vos
444 2088 477 2118 id
493 2088 663 2118 credidisse
679 2087 824 2123 homini‚’
840 2087 901 2117 hut

124 2135 133 2149 ‘
143 2132 266 2162 homini
277 2132 285 2145 ’
302 2132 417 2162 should
433 2142 522 2161 come
539 2132 620 2161 first.
655 2130 683 2160 V
700 2131 763 2160 and
783 2130 901 2160 Iordau

123 2175 205 2205 have
213 2180 220 2191 ‘
229 2186 283 2205 vos
294 2175 325 2205 id
334 2174 564 2205 credidissetis:
578 2173 699 2203 homini
707 2173 900 2209 credidisse,’

123 2218 190 2254 ὕεα,
207 2218 313 2248 which
329 2218 355 2248 is
371 2218 502 2257 capable
519 2218 555 2247 os
570 2217 668 2255 hein-g
684 2217 851 2256 explained
869 2217 901 2246 in

122 2261 244 2292 several
261 2272 357 2302 ways.
405 2261 502 2291 Klotz
528 2260 644 2300 prints,
662 2264 670 2276 ‘
682 2270 736 2289 vos
752 2259 784 2289 id
801 2259 902 2289 credi-

122 2304 268 2334 dissctis:
304 2304 475 2334 credidisse
506 2303 638 2337 homini,
671 2313 733 2332 non
758 2303 882 2332 fuctum
893 2302 902 2315 ’

123 2347 179 2377 ἃς.
234 2347 296 2385 Lg.
327 2348 368 2377 42
400 2346 425 2376 F
455 2347 537 2376 have
569 2350 577 2362 ‘
589 2345 772 2375 hominihus
802 2345 903 2375 eredi-

123 2389 228 2425 disse‚'
245 2390 352 2420 where
376 2393 384 2406 ‘
395 2389 579 2419 hominibus
590 2389 598 2401 '
615 2389 640 2418 is
656 2399 675 2418 a
690 2388 829 2419 mistake
852 2389 902 2418 for

123 2437 130 2449 ‘
143 2432 289 2462 homini.'

165 2475 205 2505 de
232 2475 333 2505 ternis
359 2474 524 2516 denariis]

123 2517 167 2548 ris
181 2518 190 2530 '
207 2517 248 2547 V.

167 2561 196 2590 si
208 2560 421 2601 prospieilis]
471 2560 505 2590 If
522 2570 585 2600 you
609 2559 681 2589 look
706 2560 856 2596 tin-ward,
877 2560 906 2590 if

123 2614 188 2644 you
204 2603 281 2634 take
298 2614 381 2639 care,
398 2603 473 2633 that
490 2603 525 2637 is,
543 2603 572 2632 if
582 2613 646 2643 you
659 2603 769 2644 nequit
781 2614 851 2640 ine;
868 2614 902 2634 as

124 2646 242 2677 Verres
259 2646 284 2675 is
300 2646 458 2686 supposed
474 2648 509 2676 to
525 2657 590 2686 say.
887 2675 891 2682 ¹

168 2700 221 2720 eos
251 2688 410 2729 hanzines]
457 2689 526 2719 The
550 2690 714 2725 smmtors,
746 2688 796 2718 for
826 2689 901 2730 only

123 2732 373 2772 ‘magistratus'
398 2742 487 2762 came
506 2731 622 2762 within
648 2732 704 2762 the
726 2732 903 2772 provisions

123 2775 160 2806 of
171 2775 229 2805 the
247 2775 312 2805 Lex
330 2775 370 2805 de
388 2774 600 2814 RepetundiS,
617 2786 651 2804 us
669 2774 724 2805 the
741 2775 812 2805 first
828 2778 903 2815 part

123 2818 160 2848 of
172 2818 229 2848 the
246 2818 313 2852 Lex
338 2818 473 2848 Servilia
498 2817 612 2847 shows.
658 2818 815 2858 Compare
840 2818 903 2849 Pro

123 2860 258 2901 Rabirio
289 2861 377 2892 Post.
409 2871 436 2891 e.
467 2861 486 2892 5
519 2860 679 2903 (Zumpt).
734 2860 903 2892 Manutius

580 2474 640 2504 ‘dc
671 2474 777 2504 trihus
807 2474 903 2505 dena-

945 2087 1034 2127 gives
1050 2086 1107 2117 the
1123 2097 1210 2116 same
1226 2086 1443 2126 explanation.

989 2130 1156 2169 quinquies
1187 2129 1310 2170 ta11!o‚]
1359 2131 1418 2160 See
1450 2130 1521 2160 Lib.
1553 2131 1584 2161 3.
1617 2140 1644 2161 c.
1672 2132 1725 2168 43,

944 2175 1032 2203 note.

985 2215 1144 2256 poksluk]
1193 2216 1361 2255 ‘poteritis
1373 2216 1380 2228 '
1398 2216 1458 2255 Lg.
1475 2218 1527 2250 42,
1547 2216 1676 2247 Iordnn.

990 2259 1019 2288 si
1046 2259 1120 2298 astri
1144 2259 1332 2300 cultionem]
1379 2259 1448 2289 The
1464 2270 1611 2290 connnon
1635 2260 1726 2290 rend-

949 2301 1005 2340 ing
1028 2302 1054 2332 is
1080 2302 1126 2331 ‘si
1153 2303 1181 2332 ei
1206 2302 1275 2340 agri
1301 2303 1500 2338 cultionem?
1524 2303 1579 2333 xe.
1628 2303 1727 2334 Klotz

949 2345 1013 2374 and
1042 2345 1160 2375 lordan
1191 2346 1270 2375 omit
1295 2346 1368 2379 ‘ei.'
1394 2346 1560 2386 following
1584 2346 1644 2386 Lg.
1673 2348 1726 2377 42.

949 2388 1068 2428 Zumpt
1083 2388 1240 2424 observes,
1258 2393 1393 2429 “neque
1419 2389 1567 2419 dativum
1593 2400 1727 2428 magno-

947 2441 1022 2471 pere
1047 2431 1202 2468 desidero,
1227 2431 1326 2461 inuno
1349 2432 1434 2462 malo
1457 2433 1576 2463 abesse.
1621 2433 1670 2463 Cf.
1687 2433 1728 2463 nd

948 2474 1020 2504 Lib.
1037 2474 1079 2505 iv.
1097 2476 1137 2504 12
1153 2475 1259 2505 ext.1·.''
1306 2475 1373 2505 But
1398 2476 1464 2506 still
1491 2476 1530 2505 he
1557 2475 1653 2515 keeps
1671 2476 1727 2506 the

949 2517 1021 2548 ‘ei.'
1069 2517 1100 2548 lt
1119 2518 1144 2547 is
1160 2518 1269 2548 better
1285 2519 1436 2549 omitted.
1482 2518 1550 2548 The
1575 2519 1725 2548 omission

948 2558 985 2590 of
1005 2560 1061 2590 the
1077 2571 1239 2600 pronouns
1256 2561 1288 2591 in
1308 2561 1417 2596 Latin,
1439 2561 1546 2591 where
1571 2562 1648 2602 they
1673 2572 1728 2591 ure

948 2605 1006 2634 not
1032 2604 1181 2643 required
1206 2607 1241 2634 to
1265 2604 1360 2634 make
1385 2605 1442 2635 the
1466 2615 1556 2634 sense
1581 2604 1676 2639 clear,
1701 2605 1728 2634 is

947 2657 1007 2676 one
1023 2647 1127 2677 ofthe
1143 2647 1277 2677 niceties
1293 2648 1330 2677 of
1349 2647 1405 2678 the
1430 2647 1602 2687 lang-unge,
1620 2647 1727 2677 which

947 2689 988 2730 by
1005 2690 1126 2720 eareful
1144 2691 1279 2729 reading
1295 2701 1342 2720 we
1358 2690 1552 2730 appreciate.

990 2732 1130 2774 residui]
1180 2733 1240 2772 Lg.
1258 2735 1299 2763 42
1315 2733 1373 2763 has
1390 2739 1396 2749 ⁸
1410 2733 1548 2774 reliqui.'

991 2776 1106 2816 quibus
1142 2786 1235 2816 quum
1280 2776 1431 2805 decumas
1467 2775 1541 2817 Suu]

946 2819 1004 2849 lias
1019 2819 1182 2849 a-curious
1198 2822 1274 2849 note
1290 2830 1331 2849 on
1348 2819 1414 2849 this
1438 2829 1570 2859 passage
1584 2831 1590 2848 :
1619 2824 1638 2835 ‘⁸
1652 2829 1726 2848 eon-

942 2862 1046 2902 junge
1062 2862 1176 2902 quibas
1192 2862 1286 2903 ipsis,
1303 2865 1337 2893 et
1353 2862 1446 2893 facile
1470 2862 1600 2898 senties,
1627 2871 1724 2901 quam

1605 2776 1725 2816 Zumpt
