1849 3167
110 141 195 182 212
704 137 772 180 IN
805 136 851 177 C.
884 135 1139 178 VERREM

113 266 323 294 summam
343 266 433 293 rem
452 251 665 306 publicam
697 255 739 291 ct
771 251 825 291 ad
843 247 1216 291 existimationem
1248 244 1407 288 ordinis
1433 246 1567 288 nostri
1601 245 1710 287 salu-

115 322 283 372 temque
323 317 542 358 sociorum.
604 316 649 357 Si
680 315 794 356 onim
826 315 1070 355 innocentes
1103 311 1340 353 existimari
1379 312 1584 361 volumus,
1625 325 1712 351 non

115 382 252 424 solum
272 397 348 423 nos
369 382 627 423 abstinentes
648 381 720 421 sod
741 380 869 421 ctiam
891 378 1063 419 comites
1084 382 1247 418 nostros
1267 382 1478 431 praestare
1499 378 1710 418 debemus.

172 447 253 488 XI.
286 447 481 487 Primum
500 447 690 487 omnium
709 460 835 499 opera
855 443 994 483 danda
1015 447 1077 483 est
1098 446 1146 482 ut
1168 457 1235 482 eos
1256 441 1473 482 nobiscum
1486 442 1712 482 educamus

118 512 194 567 qui
223 517 389 553 nostrae
420 512 556 552 famae
597 510 808 564 capitique
839 507 1088 548 consulant:
1131 506 1296 556 deinde,
1330 506 1365 547 si
1394 506 1441 547 in
1469 506 1712 547 hominibus

117 576 325 631 eligendis
354 592 429 617 nos
460 592 552 630 spes
584 574 794 615 amicitiae
825 572 1037 622 fefellerit,
1076 578 1124 612 ut
1154 571 1429 620 vindicemus,
1461 571 1608 612 missos
1649 570 1710 611 fa-

117 641 289 690 ciamus,
312 656 476 695 semper
496 641 556 681 ita
576 639 769 680 vivamus
790 642 838 677 ut
859 637 1067 677 rationem
1097 636 1357 677 reddendam
1385 636 1505 677 nobis
1535 636 1712 676 arbitre-
1756 679 1758 681 ,

116 722 225 747 mur.
269 706 465 747 Africani
485 710 547 746 est
567 705 658 753 hoc,
682 703 867 744 hominis
887 701 1196 743 liberalissimi:
1227 706 1520 742 verumtamen
1541 716 1589 742 ea
1608 701 1712 741 libe-

116 771 264 812 ralitas
285 775 347 811 est
367 770 584 825 probanda
605 784 712 823 quae
733 768 823 809 sine
843 767 1030 822 periculo
1051 765 1377 807 existimationis
1409 770 1483 816 est,
1505 771 1553 806 ut
1573 765 1618 805 in
1640 764 1714 805 illo

116 836 224 877 fuit:
256 851 387 890 quum
408 835 460 876 ab
490 850 537 876 eo
567 835 741 889 quidam
760 838 882 875 vetus
904 836 1133 874 assectator
1153 835 1195 872 et
1215 847 1269 872 ex
1287 846 1464 872 numero
1485 830 1716 872 amicorum

117 917 203 943 non
233 902 480 956 impetraret
510 901 576 941 uti
605 917 648 942 se
668 899 931 956 praefectum
951 899 997 939 in
1017 897 1213 939 Africam
1242 898 1413 939 duceret
1442 902 1484 939 et
1513 897 1558 938 id
1584 896 1716 937 ferret

116 967 314 1008 moleste:
355 966 470 1016 Noli,
501 966 656 1021 inquit,
687 965 848 1015 mirari,
881 964 916 1006 si
945 968 995 1005 tu
1015 979 1039 1005 a
1059 979 1127 1004 me
1157 963 1236 1005 hoc
1265 978 1353 1004 non
1376 963 1602 1018 impetras:
1636 975 1715 1016 ego

112 1031 202 1086 jam
231 1031 397 1086 pridem
427 1031 480 1072 ab
510 1046 557 1072 eo
588 1031 657 1072 cui
686 1046 825 1072 meam
855 1028 1214 1070 existimationem
1244 1043 1386 1069 caram
1415 1028 1503 1069 fore
1534 1026 1716 1068 arbitror

115 1101 213 1151 peto
247 1101 296 1136 ut
326 1111 493 1137 mecum
524 1096 761 1150 praefectus
795 1094 1099 1150 proficiscatur,
1125 1098 1168 1134 et
1199 1093 1338 1134 adhuc
1369 1093 1597 1148 impetrare
1628 1106 1716 1132 non

116 1177 299 1216 possum.
361 1162 536 1203 Etenim
555 1177 600 1202 re
621 1177 721 1203 vera
741 1161 877 1201 multo
898 1160 1036 1215 magis
1057 1164 1120 1201 est
1139 1160 1370 1214 petendum
1391 1159 1443 1200 ab
1458 1158 1713 1206 hominibus,

118 1227 153 1269 si
174 1227 280 1268 salvi
296 1232 337 1268 et
358 1227 524 1268 honesti
557 1243 643 1268 esse
675 1227 883 1275 volumus,
920 1231 969 1266 ut
1002 1230 1102 1266 eant
1126 1225 1346 1266 nobiscum
1375 1225 1422 1265 in
1451 1223 1715 1279 provinciam

119 1307 248 1347 quam
268 1292 347 1333 hoc
368 1292 454 1333 illis
475 1292 521 1332 in
540 1291 737 1333 beneficii
756 1291 847 1332 loco
868 1290 1156 1331 deferendum.
1219 1289 1302 1330 Sed
1323 1295 1383 1339 tu,
1407 1305 1539 1344 quum
1559 1294 1600 1329 et
1621 1293 1714 1328 tuos

117 1356 271 1398 amicos
302 1357 348 1397 in
382 1356 644 1412 provinciam
679 1355 799 1411 quasi
833 1355 880 1395 in
911 1355 1113 1409 praedam
1144 1353 1356 1395 invitabas
1385 1359 1427 1395 et
1457 1369 1554 1394 011111
1583 1353 1635 1394 115
1666 1368 1714 1394 ac

115 1438 192 1477 per
212 1437 280 1463 eos
300 1422 555 1477 praedabare
576 1426 617 1462 et
638 1437 706 1463 eos
734 1421 781 1461 in
812 1419 1007 1461 contione
1039 1418 1208 1460 annulis
1241 1418 1377 1459 aureis
1409 1419 1605 1468 donabas,
1628 1433 1715 1458 non

117 1488 329 1528 statuebas
350 1486 432 1527 tibi
452 1502 538 1527 non
559 1486 696 1527 solum
716 1486 768 1527 de
789 1485 874 1527 tuis
896 1485 970 1526 sed.
990 1484 1121 1525 etiam
1150 1485 1202 1526 de
1231 1484 1405 1526 illorum
1433 1484 1556 1525 factis
1585 1484 1712 1525 ratio-

116 1567 216 1593 nem
236 1567 323 1593 esse
344 1552 604 1592 reddendam
621 1552 640 1592 Ρ

173 1616 282 1657 ΧΠ.
317 1616 459 1662 Quum
479 1615 555 1656 hos
576 1615 656 1657 sibi
677 1620 875 1670 quaestus
896 1613 1182 1656 constituisset
1202 1629 1380 1669 magnos
1410 1619 1537 1670 atque
1566 1614 1715 1655 uberes

117 1697 171 1723 ex
190 1681 258 1722 his
279 1680 424 1730 causis,
447 1695 550 1735 quas
570 1681 659 1734 ipse
680 1680 924 1721 instituerat
954 1694 1051 1719 cum
1081 1678 1266 1728 consilio,
1298 1679 1377 1720 1100
1408 1684 1482 1728 est,
1514 1694 1610 1720 cum
1641 1693 1716 1719 sua

117 1747 300 1796 cohorte,
333 1760 594 1800 cognoscere,
628 1750 722 1786 tum
751 1745 860 1785 illud
879 1744 1099 1784 infinitum
1119 1759 1252 1798 genus
1273 1743 1496 1785 invenerat
1517 1744 1570 1784 ad
1589 1743 1714 1783 innu-

116 1812 363 1854 merabilem
374 1811 598 1867 pecuniam
613 1810 934 1865 corripiendam.
977 1809 1167 1850 Dubium
1186 1808 1349 1850 nemini
1369 1813 1432 1849 est
1453 1808 1557 1863 quin
1573 1823 1717 1849 omnes

117 1878 309 1919 omnium
337 1877 540 1932 pecuniae
569 1875 728 1930 positae
759 1875 845 1916 sint
874 1875 921 1915 in
951 1890 1096 1916 eorum
1115 1878 1322 1929 potestate
1343 1873 1417 1928 qui
1432 1872 1594 1929 judicia
1614 1873 1718 1912 dant

118 1947 161 1984 et
181 1958 326 1984 eorum
347 1942 421 1997 qui
436 1941 656 1997 judicant:
690 1939 795 1995 quin
814 1955 939 1981 nemo
959 1944 1150 1981 vestrum
1169 1938 1301 1994 possit
1321 1939 1443 1980 aedes
1463 1953 1570 1987 suas,
1592 1952 1717 1978 nemo

119 2063 173 2093 old
192 2063 328 2102 reading
346 2063 372 2092 is
396 2062 457 2092 ‘ad
478 2072 637 2092 summam
657 2060 704 2091 rei
723 2059 892 2100 publicae?

120 2105 174 2135 He
189 2106 289 2135 refers
304 2108 339 2135 to
352 2105 474 2141 Cicero,
490 2105 542 2134 Ad
551 2106 624 2134 Att.
640 2104 661 2134 i.
678 2104 720 2133 16
730 2116 739 2140 ς
757 2103 821 2133 Pro
834 2102 893 2132 Cn.

120 2147 264 2183 Plancio,
281 2158 307 2177 0.
325 2147 385 2183 27;
410 2148 494 2177 Phil.
511 2148 555 2177 iii.
576 2148 627 2177 15.
673 2147 731 2176 See
752 2156 779 2175 0.
800 2146 841 2176 61
862 2145 899 2175 of

120 2190 187 2221 this
203 2190 340 2220 oration.
386 2190 438 2220 He
457 2190 565 2220 denies
587 2190 663 2220 that
687 2193 831 2219 ‘sunnna
849 2187 896 2217 rei

120 2233 283 2273 publicac'
299 2233 326 2262 is
342 2233 421 2262 used
435 2233 479 2273 by
494 2233 552 2263 the
565 2232 692 2262 writers
708 2232 744 2262 of
757 2230 896 2261 Cicero’s

120 2276 211 2307 time.

163 2318 221 2348 sed
243 2318 342 2347 etiam
364 2316 510 2357 comites]
558 2316 670 2347 Cicero
692 2317 761 2347 said
783 2317 896 2357 nearly

121 2361 179 2391 the
195 2371 281 2391 same
297 2360 394 2399 thing
412 2370 498 2390 some
514 2360 594 2389 time
610 2359 801 2389 afterwards
823 2359 857 2389 in
878 2369 898 2389 a

120 2403 220 2434 letter
244 2406 280 2434 to
303 2403 353 2432 his
376 2402 509 2432 brother
533 2402 674 2439 Quintus
698 2402 732 2442 (i.
754 2403 784 2431 1.
801 2412 827 2431 c.
844 2401 890 2441 3),

121 2447 194 2476 who
210 2456 274 2476 was
289 2446 369 2476 then
390 2455 549 2485 governor
565 2445 601 2475 of
619 2445 676 2474 the
692 2445 843 2484 province
859 2444 897 2474 of

121 2489 208 2525 Asia,
230 2487 583 2527 “circimispiciendum
605 2487 779 2526 diligenter
799 2489 837 2517 ut
860 2487 894 2516 in

120 2532 182 2562 hac
205 2531 351 2562 custodia
373 2530 556 2570 provinciae
574 2540 638 2559 non
659 2532 692 2559 to
713 2540 814 2559 unuin
839 2529 895 2559 sed

121 2585 231 2605 omnes
242 2574 407 2604 ministros
419 2573 546 2612 imperii
558 2573 609 2602 tui
621 2572 712 2602 sociis
725 2575 758 2602 et
771 2572 894 2602 civibus

121 2620 155 2648 et
179 2617 225 2647 rei
244 2617 391 2656 publicae
410 2617 574 2656 praestare
592 2615 755 2645 vi(loarc.”
801 2614 893 2644 Com-

122 2671 199 2700 pare
224 2660 289 2690 11150
314 2660 370 2690 the
394 2658 574 2698 beginning
597 2658 634 2687 of
654 2657 711 2687 the
729 2657 894 2696 following

122 2704 267 2742 chapter.
312 2702 380 2732 The
411 2705 420 2718 ‘
431 2701 582 2731 comites'
609 2710 704 2735 were,
731 2699 892 2738 properly,

120 2746 177 2775 the
203 2755 333 2784 persons
360 2745 396 2774 of
422 2744 537 2784 higher
563 2743 645 2773 rank
672 2742 893 2781 immediately

121 2788 221 2818 about
234 2788 290 2817 the
301 2790 443 2827 praetor,
454 2787 527 2817 who
536 2786 661 2816 formed
672 2785 721 2815 his
739 2788 747 2801 ‘
758 2784 892 2814 cohors.’

120 2830 189 2860 The
201 2830 334 2860 inferior
345 2840 547 2870 personages,
563 2827 799 2869 ‘apparitorcs‚'
811 2837 894 2857 were

121 2877 131 2891 ‘
141 2873 231 2913 quasi
250 2882 287 2903 ex
312 2873 442 2904 cohorte
453 2873 462 2885 ’
487 2873 567 2913 (Cic.
587 2872 639 2902 Ad
655 2871 693 2909 Q.
711 2871 764 2901 Fr.
781 2870 801 2900 i.
819 2871 848 2900 1.
866 2881 892 2901 0.

938 2061 969 2096 3,
986 2060 1006 2089 4
1025 2082 1032 2089 .

983 2058 1104 2132 Igrdan
1120 2101 1231 2132 writes
1255 2100 1502 2142 [abstinentes],
1518 2101 1680 2140 meaning,
1699 2101 1716 2131 Ι

940 2155 1086 2185 suppose,
1102 2145 1178 2174 that
1201 2145 1242 2175 he
1265 2144 1378 2174 thinks
1402 2145 1478 2174 that
1501 2144 1558 2173 the
1577 2144 1666 2173 word
1688 2144 1716 2173 is

939 2190 998 2218 not
1014 2188 1048 2217 in
1064 2188 1107 2217 its
1123 2187 1212 2226 place
1228 2187 1305 2217 here
1314 2199 1325 2223 ,·
1353 2187 1417 2216 and
1432 2187 1460 2216 it
1475 2186 1501 2215 is
1517 2186 1656 2216 omitted
1671 2186 1714 2226 by

940 2230 1001 2270 Lg.
1019 2232 1070 2260 42.
1117 2230 1151 2260 It
1167 2240 1241 2270 may
1253 2230 1291 2259 be
1304 2229 1462 2269 certainly
1472 2228 1621 2264 omitted,
1633 2239 1666 2258 as
1681 2229 1716 2258 in

939 2273 997 2303 the
1013 2272 1157 2312 example
1174 2276 1183 2288 ‘
1193 2274 1226 2302 te
1242 2282 1344 2302 unum
1355 2294 1362 2302 .
1375 2295 1382 2302 .
1394 2294 1401 2301 .
1411 2271 1599 2311 praesta1·e,'
1611 2271 1717 2302 which

941 2315 958 2345 I
974 2316 1055 2345 have
1065 2315 1137 2355 just
1153 2315 1283 2354 quoted.

985 2359 1036 2388 11.
1064 2358 1196 2387 annulis
1227 2356 1353 2397 aureis]
1401 2357 1484 2387 Gold
1513 2357 1603 2397 rings
1633 2367 1717 2388 were

935 2410 1025 2430 worn
1041 2402 1076 2430 at
1093 2400 1194 2430 Rome
1210 2400 1253 2440 by
1265 2400 1322 2430 the
1338 2402 1483 2430 senators
1499 2400 1563 2430 and
1579 2400 1714 2439 equites,

936 2443 1001 2473 and
1026 2443 1054 2472 it
1080 2452 1214 2482 appears
1238 2442 1314 2472 that
1340 2442 1368 2473 it
1392 2443 1522 2473 became
1549 2443 1641 2472 usual
1664 2443 1715 2472 for

938 2495 1112 2525 governors
1129 2485 1165 2514 of
1183 2485 1350 2524 provinces
1373 2487 1408 2515 to
1431 2486 1505 2525 give
1528 2486 1605 2525 gold
1624 2486 1715 2525 rings

937 2530 973 2558 to
995 2528 1087 2558 those
1108 2527 1213 2557 whom
1237 2528 1315 2568 they
1332 2528 1500 2568 delighted
1522 2531 1557 2559 to
1580 2528 1716 2558 honour,

939 2570 1049 2610 Comp.
1077 2570 1149 2600 Lib.
1173 2572 1202 2600 3.
1225 2582 1251 2600 c.
1271 2570 1324 2602 76.
1347 2571 1507 2602 80.—‘dc
1531 2571 1597 2602 tuis
1611 2571 1630 2601 :⁵
1655 2571 1716 2601 ‘dc

938 2616 972 2644 te
983 2613 992 2625 ²
1010 2613 1119 2642 Orelli.

981 2656 1033 2685 12.
1058 2655 1254 2696 quijudicia
1270 2656 1368 2697 dant]
1402 2656 1554 2687 Praetors
1570 2666 1606 2686 or
1621 2656 1717 2686 other

937 2698 1146 2738 magistrates
1161 2698 1233 2727 who
1255 2699 1337 2729 have
1353 2699 1410 2729 the
1425 2709 1532 2739 power
1548 2699 1585 2728 of
1603 2701 1717 2737 grant-

937 2741 995 2780 ing
1010 2752 1028 2771 a
1046 2741 1244 2781 ‘judiciunn’
1261 2742 1336 2772 that
1360 2742 1396 2777 is,
1415 2746 1423 2758 ‘
1431 2742 1557 2782 judices
1568 2741 1576 2753 ³
1593 2742 1642 2771 for
1658 2741 1716 2771 the

937 2784 1074 2823 hearing
1096 2784 1133 2813 of
1152 2794 1171 2814 a
1194 2794 1274 2814 ease.
1322 2788 1330 2801 ‘
1343 2784 1407 2822 Qui
1424 2784 1596 2825 judicant'
1613 2794 1667 2814 are
1683 2784 1721 2814 of

939 2837 1050 2857 course
1066 2827 1123 2857 the
1141 2826 1304 2866 ‘judices'

976 2880 1063 2900 nemo
1082 2869 1244 2910 standum]
1270 2870 1372 2901 These
1388 2870 1492 2901 words
1508 2880 1561 2900 are
1577 2868 1717 2900 omitted
