1849 3167
176 107 260 148 480
760 108 830 152 IN
861 108 907 151 C.
939 108 1196 152 VERREM

173 219 380 271 futurum,
417 219 453 262 si
487 219 609 263 istius
640 221 744 264 haec
779 227 901 264 tanta
941 223 1101 279 injuria
1135 223 1348 279 impunita
1386 227 1636 271 discesserit.
1709 229 1779 272 Sic

173 301 318 327 omnes
349 286 683 338 arbitrabuntur,
715 288 965 343 praesertim
995 304 1129 344 quum
1168 290 1272 332 haec
1313 290 1426 333 fama
1455 294 1507 335 de
1537 300 1778 337 nostrorum

174 351 396 393 hominum
424 353 604 394 avaritia
633 359 676 394 et
707 354 938 408 cupiditate
968 355 1267 409 percrebuerit,
1290 371 1376 397 non
1397 357 1518 400 istius
1539 360 1667 401 solius
1698 361 1777 402 1100

174 432 261 458 0550
283 417 446 459 facinus
468 419 540 459 sed
561 433 704 459 eorum
726 418 855 459 etiam
877 419 951 474 qui
972 421 1259 475 approbarint.
1311 422 1443 464 Multi
1463 439 1595 480 reges,
1618 426 1777 467 multae

172 482 330 524 liberae
352 483 556 532 civitates,
580 483 706 524 multi
727 483 886 538 privati
907 485 1098 539 opulenti
1119 501 1166 527 ac
1186 491 1382 541 potentes
1402 488 1561 530 habent
1590 491 1778 545 profecto

171 547 218 588 in
240 548 381 589 animo
404 548 660 603 Capitolium
682 548 741 589 510
763 564 913 590 ornare
934 554 982 590 ut
1003 551 1153 605 templi
1175 552 1364 607 dignitas
1380 553 1630 610 imperiique
1643 556 1778 596 nostri

171 627 326 654 nomen
361 613 599 663 desiderat3
632 613 706 668 qui
734 614 770 654 si
805 614 1098 657 intellexerint
1128 616 1364 658 interverso
1394 618 1472 660 hoc
1502 620 1637 675 regali
1668 621 1778 674 dono

171 678 363 733 graviter
385 693 458 719 vos
480 678 639 728 tulisse,
664 683 788 734 grata
808 679 897 720 fore
918 681 1037 722 vobis
1057 681 1297 737 populoque
1318 682 1512 725 Romano
1534 700 1608 726 sua
1638 686 1778 726 studia

170 757 218 784 ac
240 743 349 783 dona
370 743 705 784 arbitrabuntur.
749 744 825 785 Sin
846 745 926 786 hoc
946 761 1020 787 vos
1042 746 1087 787 in
1109 762 1208 802 rege
1230 752 1322 788 tam
1341 749 1486 799 nobili,
1515 748 1603 805 [in]
1629 766 1674 792 re
1688 755 1778 792 tam

169 808 337 858 eximia,
366 807 454 863 [in]
479 808 637 864 injuria
659 814 749 850 tam
770 811 919 851 acerba
939 811 1178 866 neglexisse
1199 813 1425 864 audierint,
1443 829 1529 855 non
1543 820 1667 856 erunt
1688 821 1777 857 tam

169 879 357 914 amentes
387 879 435 914 ut
466 889 648 929 operam,
682 890 839 925 curam,
871 877 1097 931 pecuniam
1126 877 1378 933 impendant
1407 879 1453 920 in
1483 895 1552 921 eas
1582 896 1647 922 res
1672 897 1776 936 quas

168 938 286 979 vobis
309 946 452 993 gratas
474 939 563 980 fore
584 955 670 981 non
691 941 965 983 arbitrentur.

224 1003 395 1045 XXXI.
439 1004 534 1046 Hoc
566 1005 669 1055 loco,
710 1005 760 1052 Q.
797 1006 958 1056 Catule,
996 1012 1038 1048 te
1071 1008 1250 1063 appello,
1288 1009 1438 1064 loquor
1470 1010 1584 1051 enim
1616 1012 1668 1052 de
1701 1015 1774 1053 tuo

167 1068 398 1111 clarissimo
428 1070 798 1144 pulcherrimoque
828 1078 1128 1124 monument03
1160 1089 1247 1115 non
1272 1074 1428 1130 judicis
1460 1075 1595 1116 solum
1619 1077 1772 1118 severi-

166 1139 300 1175 tatem
339 1134 386 1175 in
423 1135 502 1176 1100
535 1135 713 1177 crimine
748 1138 821 1178 sed
856 1153 987 1192 prope
1019 1138 1186 1180 inimici
1221 1144 1353 1212 ‘atque
1394 1141 1646 1183 accusatoris
1685 1142 1775 1184 vim

167 1199 376 1253 suscipere
411 1200 547 1241 debes.
610 1201 724 1243 Tuus
765 1201 869 1258 [est]
909 1202 1024 1244 enim
1051 1193 1185 1245 1101105
1217 1204 1264 1245 111
1295 1205 1370 1246 1110
1405 1206 1564 1260 templo
1605 1213 1773 1248 senatus

166 1265 395 1319 populique
426 1265 611 1306 Romani
640 1268 868 1309 beneficio:
901 1269 967 1309 tui
998 1269 1183 1310 nominis
1216 1274 1386 1311 aeterna
1413 1271 1616 1312 memoria
1646 1272 1773 1313 simul

166 1345 264 1371 cum
283 1330 441 1384 templo
462 1330 536 1371 illo
558 1338 850 1374 consecratur:
883 1333 963 1374 tibi
983 1333 1087 1374 haec
1118 1349 1219 1375 cura
1249 1335 1525 1390 suscipienda,
1558 1337 1639 1378 tibi
1668 1338 1772 1380 haec

166 1410 293 1450 opera
325 1396 529 1443 sumenda
561 1401 636 1446 est,
659 1402 708 1438 ut
730 1397 1002 1453 Capitolium,
1038 1400 1396 1453 quemadmodum
1428 1402 1771 1456 magnificentius

165 1465 228 1501 est
248 1459 506 1510 restitutum,
529 1460 588 1502 510
609 1462 815 1516 copiosius
837 1468 1035 1504 ornatum
1058 1463 1113 1504 sit
1134 1479 1262 1518 quam
1283 1464 1365 1506 fuit
1382 1481 1392 1516 ;
1424 1471 1472 1506 ut
1493 1466 1567 1507 illa
1599 1466 1771 1509 flamma

165 1525 372 1566 divinitus
393 1525 583 1567 extitisse
604 1526 811 1577 Videatur,
834 1543 921 1569 non
942 1543 1049 1583 quae
1070 1528 1230 1570 deleret
1251 1529 1279 1570 J
1281 1530 1370 1571 ovis
1392 1530 1556 1585 Optimi
1588 1532 1771 1574 Maximi

164 1591 384 1645 templum,
409 1591 480 1631 sed
501 1606 608 1646 quae
629 1593 886 1646 praeclarius
907 1593 1334 1649 magnificentiusque
1363 1596 1616 1650 deposceret.
1677 1597 1768 1638 Au-

165 1656 265 1697 disti
297 1656 347 1702 Q.
380 1656 620 1697 Minucium
650 1657 789 1699 dicere
819 1658 934 1699 domi
965 1673 1063 1699 suae
1093 1660 1362 1700 deversatum
1392 1676 1479 1702 esse
1506 1660 1771 1704 Antiochum

164 1737 309 1776 regem
331 1721 572 1777 Syracusis:
605 1737 647 1763 se
669 1722 777 1764 illud
797 1724 903 1765 scire
925 1725 979 1765 ad
998 1724 1129 1765 istum
1151 1739 1238 1765 esse
1260 1725 1473 1767 delatum:
1504 1742 1546 1768 se
1563 1727 1668 1769 scire
1683 1743 1770 1770 non

163 1786 402 1828 redditum:
436 1786 592 1828 audisti
613 1792 655 1828 et
683 1789 826 1830 audies
860 1788 977 1830 omni
1007 1805 1029 1831 e
1062 1795 1275 1831 conventu
1310 1790 1572 1846 Syracusano
1603 1793 1677 1848 qui
1708 1793 1770 1834 ita

164 1852 309 1893 dicant
337 1867 425 1893 sese
458 1852 728 1895 audientibus
755 1853 864 1895 illud
896 1854 924 1895 J
927 1870 997 1896 ovi
1031 1855 1204 1910 Optimo
1241 1855 1434 1897 Maximo
1467 1857 1654 1899 dicatum
1681 1873 1768 1900 esse

163 1918 216 1958 ab
246 1932 346 1972 rege
376 1917 592 1959 Antiocho
623 1924 665 1959 et
694 1924 996 1961 consecratum.
1058 1920 1104 1961 Si
1119 1921 1255 1976 judex
1275 1936 1360 1962 non
1391 1936 1498 1963 esses
1519 1927 1561 1963 et
1581 1923 1684 1965 haec
1714 1924 1769 1964 0(1

163 1988 205 2024 te
227 1983 367 2024 delata
387 1998 452 2024 res
475 1987 594 2033 esset,
617 1988 659 2024 te
679 1984 947 2038 potissimum
967 1985 1046 2027 hoc
1071 1985 1280 2040 persequi,
1315 1990 1358 2027 te
1381 1991 1536 2059 petere,
1572 1992 1614 2028 te
1642 2003 1767 2043 agere

163 2053 387 2102 oporteret.
451 2048 591 2094 Quare
611 2063 697 2089 non
718 2050 866 2091 dubito
887 2065 970 2105 quo
992 2051 1134 2092 01111110
1151 2051 1287 2123 judex
1306 2050 1434 2106 hujus
1459 2051 1649 2094 criminis
1679 2069 1767 2095 esse
1806 2106 1809 2109 ‚

162 2113 326 2163 debeas,
350 2114 424 2168 qui
446 2114 559 2169 apud
579 2113 712 2154 alium
736 2114 926 2169 judicem
946 2116 1082 2157 multo
1103 2116 1239 2157 acrior
1260 2131 1388 2171 quam
1418 2132 1497 2172 ego
1527 2132 1620 2158 sum
1650 2123 1768 2160 actor

163 2184 460 2234 accusatorque
481 2194 569 2220 esse
590 2179 775 2220 deberes.

201 2295 301 2324 perc?
303 2284 453 2325 εἴκων-ἰῇ]
516 2285 546 2314 R
582 2284 641 2315 G2
679 2284 752 2322 Ld.‚

162 2327 309 2357 bruerit'
326 2330 346 2357 2
364 2328 455 2357 Parr.
472 2328 501 2357 G
512 2329 530 2357 1
548 2327 609 2367 Lg.
628 2328 679 2358 29.

205 2370 325 2399 hahent
341 2393 348 2400 .
367 2393 374 2400 .
391 2371 425 2399 in
450 2370 558 2400 animo
577 2393 583 2399 .
602 2393 609 2399 .
625 2370 673 2400 sic·
702 2370 839 2411 ornare]
887 2370 939 2401 Ci-

162 2422 236 2442 cero
246 2413 311 2442 also
321 2423 392 2442 uses
406 2413 554 2442 ‘habere'
571 2413 663 2442 alone
673 2413 706 2442 in
717 2413 783 2442 this
792 2424 939 2443 manner.

163 2459 172 2472 ‘
184 2455 232 2484 De
248 2465 283 2485 re
298 2455 428 2494 publiea
442 2455 525 2484 nihil
550 2455 653 2485 habeo
669 2455 710 2485 ad
729 2457 762 2485 te
779 2456 918 2486 seribere
928 2456 938 2469 ’

162 2497 229 2539 (Ad
244 2498 316 2528 ΑΜ..
327 2497 360 2527 ii.
378 2497 444 2536 22),
461 2497 526 2527 like
543 2498 598 2527 οὐκ
616 2497 682 2536 ἔχω
700 2497 808 2528 εἰπεῖν.

204 2539 400 2580 interverso]
456 2540 524 2570 The
548 2540 637 2570 word
667 2540 693 2570 is
717 2543 775 2570 not
805 2551 879 2581 easy
903 2543 939 2572 to

161 2584 288 2619 render,
299 2584 360 2614 but
376 2583 433 2613 the
445 2583 598 2622 meaning
613 2583 639 2612 is
649 2583 747 2622 plain,
759 2594 792 2613 as
805 2594 938 2623 appears

160 2627 244 2657 from
274 2627 332 2657 the
361 2626 527 2665 following
556 2636 689 2665 passage
720 2626 757 2656 of
786 2627 938 2657 Scaevola

791 2288 940 2326 ‘percre-
986 2296 1064 2316 01100
1080 2286 1175 2316 fixed.
1222 2286 1327 2317 There
1350 2286 1376 2316 is
1395 2286 1460 2317 also
1485 2286 1575 2327 (Dig.
1593 2287 1644 2317 16.
1661 2289 1691 2318 3.
1708 2287 1764 2329 22)

986 2333 1006 2345 “
1019 2329 1046 2358 si
1058 2329 1122 2359 duo
1131 2329 1265 2359 heredes
1281 2340 1349 2359 rem
1361 2329 1447 2369 apud
1462 2329 1653 2360 defunctum
1670 2331 1764 2371 depo-

984 2371 1081 2401 sitam
1112 2372 1186 2402 dolo
1210 2372 1495 2408 interverterint,”
1528 2377 1537 2389 ‘
1549 2373 1578 2402 if
1604 2376 1669 2404 two
1697 2374 1764 2404 He-

984 2414 1076 2444 redes
1113 2414 1195 2445 have
1225 2415 1449 2456 fraudulently
1479 2417 1709 2456 appropriated
1745 2427 1764 2448 a

983 2457 1081 2497 thing
1096 2457 1172 2488 that
1188 2458 1245 2488 has
1261 2458 1342 2488 been
1358 2459 1524 2498 deposited
1540 2459 1621 2489 with
1637 2460 1694 2490 the
1710 2460 1763 2490 de-

985 2500 1119 2530 ceased?
1165 2499 1286 2537 Cicero,
1305 2501 1389 2531 Phil.
1406 2501 1438 2531 ii.
1461 2512 1487 2532 c.
1508 2503 1560 2538 32,
1586 2506 1606 2519 “
1615 2502 1668 2533 ille
1691 2513 1763 2543 pro-

983 2543 1116 2572 missum
1140 2545 1173 2574 et
1196 2546 1365 2584 receptum
1390 2545 1580 2576 intervertit
1604 2545 1646 2575 ad
1667 2556 1763 2586 seque

983 2587 1016 2615 tr
1018 2586 1190 2616 anstulit.''

1029 2628 1097 2669 [in]
1115 2640 1150 2659 oe
1166 2632 1234 2659 tam
1250 2630 1381 2666 eximia,
1402 2629 1470 2671 [in]
1488 2630 1632 2672 injuria]
1662 2630 1761 2661 Klotz

163 2670 253 2709 (Dig.
273 2671 325 2699 43.
343 2671 393 2699 20.
411 2671 441 2705 8,
459 2669 602 2699 referred
620 2672 655 2699 to
671 2669 713 2709 by
731 2669 936 2710 Forcellini):

162 2716 183 2729 “
196 2708 247 2741 cui
270 2723 328 2752 per
343 2712 481 2742 fundum
498 2712 561 2742 iter
577 2722 678 2751 aquae
694 2712 842 2748 debetur,
859 2723 936 2752 qua-

162 2765 288 2794 cunque
300 2755 372 2785 vult
388 2755 421 2785 in
434 2765 470 2785 eo
482 2755 588 2785 rivum
601 2754 699 2785 faciat
710 2755 796 2791 licet,
807 2755 884 2785 duni
897 2767 937 2786 ne

161 2798 400 2837 aquaeductum
411 2798 608 2828 intervertat
614 2798 646 2834 3³³
658 2798 719 2828 but
730 2798 771 2828 he
781 2800 869 2828 must
880 2801 938 2829 not

160 2840 269 2871 divort
291 2840 349 2871 the
368 2842 470 2871 water
491 2841 575 2871 from
598 2841 655 2872 the
679 2851 789 2872 course
812 2841 887 2872 that
910 2842 936 2872 is

983 2672 1047 2701 and
1064 2672 1183 2702 Ιο1(1011
1200 2673 1308 2703 omit‘
1318 2673 1352 2703 in
1363 2673 1493 2703 'twice

1026 2716 1077 2744 31.
1100 2715 1137 2754 Q.
1160 2715 1302 2756 Catule,]
1336 2716 1406 2746 One
1422 2716 1458 2746 of
1469 2716 1526 2747 the
1547 2715 1711 2757 ‘judicesss
1727 2725 1760 2745 as

981 2756 1022 2787 hc
1039 2768 1110 2798 says
1126 2759 1238 2789 below.
1241 2777 1283 2780 —
1286 2759 1535 2799 ‘Capitolium.'
1558 2769 1609 2790 see
1625 2769 1652 2790 c.
1668 2760 1719 2789 28.

1026 2803 1119 2832 actor
1149 2801 1400 2843 accusatorque]
1448 2802 1507 2832 See
1537 2801 1700 2832 Divin.c.
1728 2801 1760 2837 1,

981 2844 1068 2873 note.
