1849 3167
136 139 219 180 308
717 135 786 179 IN
816 135 862 177 O.
894 133 1149 177 VERREM

136 252 290 293 Verres
317 251 371 293 ad
396 251 588 293 fortunas
617 255 831 292 aratorum
851 249 1064 291 vexandas
1093 247 1434 303 diripiendasque
1455 264 1541 291 esse
1561 247 1721 290 voluit:

134 317 261 373 hujus
282 317 492 367 audaciae,
514 317 741 372 nequitiae,
764 315 1005 357 crudelitati
1029 314 1291 355 fidelissimos
1312 314 1441 356 socios
1462 315 1722 370 optimosque

134 383 246 424 cives
278 383 425 424 scitote
459 383 538 424 1100
573 388 765 438 praetore
796 380 985 430 traditos,
1013 379 1189 435 judices,
1222 384 1347 434 atque
1378 380 1564 421 addictos
1594 379 1722 420 fuisse

133 449 254 490 novis
294 449 501 490 institutis
541 454 583 489 et
623 447 782 496 edictis,
824 451 913 486 tota
953 445 1184 487 Hieronica
1222 444 1328 500 lege,
1370 445 1722 500 quemadmodum

133 520 231 556 ante
252 515 354 564 dixi,
377 515 533 571 rejecta
554 519 595 555 et
615 512 846 568 repudiata.

189 580 384 621 Primum
416 580 612 628 edictum,
644 578 820 633 judiees,
855 575 997 617 audite
1032 575 1316 631 praeclarum:
1349 590 1559 620 QVANTVM
1589 589 1720 616 DECV-

132 659 281 687 MAst
323 659 548 686 Emmssnr
587 656 824 684 ARATOREM
866 655 951 682 sn31
992 655 1199 682 DECVMAE
1239 655 1356 682 DARE
1392 655 1628 691 OPORTERE,
1666 655 1753 691 VT*

131 725 311 752 TANTVM
339 725 512 751 ARATOR
539 722 778 750 DECVMANO
801 721 918 748 DARE
940 721 1205 748 COGERETVR.
1268 706 1518 753 Quomodo?
1579 706 1720 752 Quan-

130 782 223 817 tum
254 776 489 831 poposcerit
519 774 736 829 Apronius
771 773 882 814 dato.
946 773 1060 819 Quid
1093 778 1155 814 est
1186 772 1302 814 110οΡ
1342 777 1485 813 utrum
1516 771 1721 827 praetoris

129 841 375 883 institutum
413 841 459 881 in
498 840 628 881 socios
669 854 724 881 an
763 839 809 879 in
847 839 988 880 hostes
1021 838 1154 880 victos
1193 837 1332 879 insani
1372 837 1556 879 edictum
1595 843 1721 893 atque

129 907 356 962 imperium
377 906 584 962 tyranni?
618 905 712 960 Ego
732 904 985 946 tantundem
1006 904 1112 945 dabo
1134 909 1339 959 quantum
1360 903 1432 944 ille
1452 903 1686 958 poposcerit
1701 904 1721 944 P

128 978 269 1027 poscet
299 988 422 1014 omne
448 977 657 1027 quantum
686 986 925 1012 exaravero.
988 970 1102 1017 Quid
1122 971 1278 1012 omne?
1308 970 1402 1025 plus
1428 970 1556 1011 immo
1577 970 1718 1019 etiam,

127 1038 281 1093 inquit,
304 1038 339 1079 si
359 1038 484 1080 volet.
547 1037 661 1084 Quid
690 1037 816 1078 tum?
847 1036 950 1092 quid
970 1037 1146 1078 censes?
1203 1035 1294 1077 Aut
1323 1036 1442 1077 dabis
1472 1040 1544 1076 aut
1574 1040 1721 1076 contra

129 1104 314 1145 edictum
345 1104 489 1145 fecisse
524 1103 789 1144 damnabere.
851 1102 935 1143 Per
964 1103 1062 1143 deos
1090 1101 1349 1143 immortales
1379 1101 1482 1156 quid
1511 1106 1573 1142 est
1603 1100 1682 1142 1100
1700 1102 1720 1142 1>

128 1169 219 1210 veri
251 1169 365 1210 enim
400 1168 536 1210 simile
571 1183 657 1209 non
689 1173 763 1209 est.
826 1167 895 1208 Sic
930 1168 1039 1208 mihi
1069 1168 1312 1223 persuadeo,
1342 1167 1518 1223 judices,
1551 1165 1721 1207 tametsi

128 1235 269 1276 omnia
290 1235 336 1275 in
355 1235 485 1276 istum
504 1234 719 1275 hominem
736 1233 959 1275 convenire
979 1234 1150 1288 putetis,
1164 1239 1308 1274 tamen
1327 1233 1407 1274 1100
1427 1232 1545 1274 vobis
1565 1232 1720 1273 falsum

127 1300 275 1341 videri.
336 1300 430 1356 Ego
451 1301 576 1349 enim,
600 1315 731 1355 quum
757 1299 836 1340 hoc
864 1304 953 1340 tota
980 1299 1123 1340 Sicilia
1147 1299 1316 1348 dleeret,
1338 1304 1480 1339 tamen
1512 1297 1719 1339 affirmare

126 1381 213 1407 non
244 1366 452 1415 auderem,
477 1365 512 1406 si
541 1366 644 1406 haec
674 1364 810 1406 edicta
839 1379 925 1405 non
955 1380 1008 1405 ex
1038 1364 1168 1419 ipsius
1198 1363 1353 1405 tabulis
1383 1363 1560 1404 totidem
1579 1363 1719 1404 Verbis

127 1431 304 1472 recitare
335 1446 510 1486 possem,
545 1430 669 1472 sicuti
702 1429 866 1470 faciam.
937 1429 1016 1479 Da,
1053 1445 1217 1485 quaeso,
1259 1429 1442 1479 scribae3
1484 1428 1631 1469 recitet
1666 1444 1720 1469 ex

127 1497 279 1538 codice.
340 1496 491 1537 Recita
511 1496 696 1537 edictum
716 1495 767 1536 de
787 1494 1054 1549 professione.
1115 1495 1258 1550 Negat
1278 1510 1345 1535 me
1358 1493 1534 1534 recitare
1554 1499 1716 1543 totum3

126 1577 227 1602 nam
258 1562 303 1602 id
334 1561 573 1617 significare
603 1567 712 1602 nutu
742 1560 924 1601 videtur.
988 1560 1101 1606 Quid
1135 1560 1385 1615 praetereo?
1420 1574 1476 1600 an
1506 1559 1614 1600 illud
1644 1559 1718 1601 ubi

126 1642 247 1669 caves
270 1632 410 1668 tamen
430 1627 581 1668 Siculis
606 1632 648 1668 et
671 1627 842 1668 miseros
872 1626 1044 1681 respicis
1074 1626 1291 1667 aratores?
1321 1624 1426 1666 dicis
1456 1625 1570 1665 enim
1600 1630 1642 1666 te
1671 1625 1717 1666 in

126 1693 417 1741 decumanum,
455 1692 491 1733 si
529 1692 623 1747 plus
662 1692 884 1733 abstulerit
918 1707 1046 1747 quam
1086 1691 1276 1732 debitum
1316 1691 1382 1740 sit,
1419 1690 1465 1731 in
1500 1690 1717 1745 octuplum

119 1757 330 1814 judicium
359 1758 558 1798 daturum
587 1773 685 1799 esse.
746 1757 871 1799 Nihil
900 1757 1008 1798 mihi
1037 1757 1176 1812 placet
1210 1756 1505 1812 praetermitti.
1566 1755 1717 1798 Recita

124 1824 203 1865 1100
233 1839 398 1879 quoque
428 1824 540 1879 quod
569 1822 766 1878 postulat,
791 1827 941 1864 totum.
1003 1836 1195 1863 EDICTVM
1226 1836 1283 1863 DE
1315 1835 1481 1863 IVDICIO
1511 1835 1561 1862 IN
1591 1835 1715 1864 00117-

124 1903 257 1931 PLVM.

181 1955 262 1995 XI.
290 1954 318 1995 J
321 1954 458 1995 udicio
480 1958 527 1995 ut
548 1958 687 1995 arator
708 1954 987 1995 decumanum
1006 1953 1314 2009 persequatur?
1364 1952 1570 1994 Miserum
1590 1957 1716 2008 atque

124 2020 320 2075 iniquum
341 2035 393 2060 ex
420 2035 523 2075 agro
543 2019 733 2060 homines
754 2019 920 2060 traduci
940 2019 986 2060 in
1007 2019 1158 2069 forum,
1181 2019 1233 2060 ab
1261 2024 1400 2059 aratro
1421 2018 1475 2059 ad
1504 2018 1714 2072 subsellia,

125 2085 178 2126 ab
198 2101 276 2126 usu
297 2100 437 2126 rerum
458 2085 710 2126 rusticarum
730 2085 783 2125 ad
803 2084 1017 2125 insolitam
1037 2084 1157 2125 litem
1171 2089 1297 2139 atque
1313 2084 1533 2139 judicium.
1574 2083 1715 2130 Quum

124 2151 318 2191 omnibus
339 2151 385 2191 in
406 2151 499 2191 aliis
514 2150 794 2206 vectigalibus
810 2150 950 2199 Asiae,
969 2150 1252 2198 Macedoniae,
1271 2149 1516 2203 Hispaniae,
1536 2148 1712 2198 Galliae,

125 2214 310 2265 Africae,
333 2215 563 2264 Sardiniae,
586 2216 717 2271 ipsius
738 2215 889 2257 Italiae
910 2231 1017 2271 quae
1036 2214 1261 2269 vectigalia
1282 2220 1393 2263 sunt,
1416 2229 1548 2268 quum
1567 2214 1613 2254 in
1634 2214 1712 2264 his,

127 2314 169 2344 29
192 2315 225 2343 et
248 2313 350 2344 Paris.
373 2314 413 2344 A.
437 2314 487 2344 B?
513 2314 671 2355 (Zumpt).
717 2314 770 2345 He
793 2314 900 2354 might

127 2357 209 2387 have
235 2357 373 2387 omitted
401 2357 543 2387 ‘nudus'
570 2360 628 2387 out
653 2358 689 2388 of
714 2360 840 2397 respect
864 2360 899 2387 to

128 2399 189 2440 Lg.
218 2401 270 2430 29.
331 2400 483 2430 ‘Nudus'
514 2400 589 2430 does
620 2403 678 2431 not
708 2400 899 2440 necessarily

127 2453 222 2473 mean
245 2442 335 2473 stark
358 2443 475 2479 naked,
498 2443 559 2473 but
583 2443 694 2473 Cicero
715 2454 789 2484 may
805 2453 900 2473 mean

127 2486 213 2516 that.
260 2484 295 2515 If
313 2496 356 2521 so,
373 2486 430 2516 the
453 2486 582 2516 scandal
600 2486 636 2516 of
654 2487 711 2517 the
727 2486 819 2516 affair
833 2496 898 2516 was

128 2529 329 2569 aggravated
343 2529 386 2569 by
398 2529 455 2559 the
466 2539 615 2569 presence
625 2529 661 2559 of
672 2530 729 2559 the
740 2529 898 2569 praetor's

128 2583 195 2609 son,
219 2573 291 2603 who
313 2572 380 2602 still
403 2582 486 2602 wore
509 2572 566 2602 the
590 2574 686 2611 ‘toga
705 2572 897 2612 praetexta,’

128 2615 186 2646 the
201 2615 289 2646 dress
305 2616 342 2645 of
352 2615 444 2645 those
459 2615 531 2645 who
546 2625 629 2644 were
647 2619 654 2631 ‘
665 2615 868 2654 impuberes?

172 2660 223 2689 10.
250 2659 439 2688 tantundem
465 2657 565 2698 dabo]
612 2657 679 2688 The
705 2658 840 2697 reading
866 2657 903 2687 of

127 2701 167 2731 V.
210 2702 329 2742 Zumpt
345 2702 409 2732 and
425 2701 543 2732 Iordan
560 2701 640 2730 have
658 2705 665 2717 ‘
677 2703 808 2731 tantum
825 2701 897 2731 dem

126 2746 308 2785 quantum.'

170 2789 282 2818 recitet
312 2800 350 2819 em
377 2786 510 2828 codice]
558 2787 657 2817 Klotz
687 2787 751 2817 and
778 2787 898 2817 Iordan

127 2830 191 2860 add
207 2835 216 2847 ‘
228 2832 455 2871 professionem
465 2831 474 2844 ’
490 2831 573 2861 from
590 2830 629 2860 V.

169 2874 267 2915 dicis]
293 2875 369 2906 This
381 2875 407 2906 is
417 2875 473 2906 the
485 2873 580 2905 MSS.
590 2873 744 2914 reading:
769 2873 897 2904 ‘edicis'

943 2313 970 2343 is
976 2312 1173 2343 Hotmami's
1179 2312 1428 2352 conjecture.—‘
1434 2312 1505 2352 plus
1515 2312 1686 2344 abstulerit
1695 2313 1714 2343 ε’

943 2356 1010 2387 this
1039 2356 1175 2395 reading
1204 2355 1261 2385 has
1286 2355 1396 2385 better
1422 2355 1517 2385 MSS.
1545 2356 1714 2397 authority

943 2400 1025 2430 than
1048 2399 1160 2438 ‘plura
1182 2398 1350 2428 sustulerit
1360 2398 1381 2435 ς’
1408 2409 1427 2428 a
1449 2399 1585 2439 reading
1606 2400 1713 2430 which

942 2442 1049 2473 would
1071 2442 1110 2472 be
1133 2444 1168 2472 at
1190 2442 1339 2472 variance
1354 2442 1435 2472 with
1458 2442 1514 2472 the
1537 2453 1626 2473 sense
1649 2443 1714 2473 and

941 2485 999 2516 the
1014 2495 1112 2524 usage
1127 2485 1164 2515 of
1174 2485 1231 2515 the
1247 2484 1344 2515 Latin
1361 2485 1533 2525 language.

985 2527 1114 2568 totum]
1140 2532 1149 2544 ‘
1161 2530 1269 2558 totum
1285 2528 1387 2558 recita
1399 2528 1407 2541 ³
1425 2528 1554 2559 Iordan.

985 2573 1036 2601 11.
1068 2571 1213 2612 traduci]
1248 2571 1429 2601 ‘traducis'
1461 2573 1491 2608 4,
1518 2571 1559 2601 V.
1604 2572 1641 2602 If
1665 2582 1713 2603 we

940 2615 1018 2644 read
1035 2618 1043 2630 ¹
1053 2615 1197 2645 traducis
1209 2615 1218 2627 ³
1234 2615 1315 2645 with
1332 2615 1461 2654 Zumpt,
1478 2625 1526 2645 we
1541 2617 1629 2645 must
1651 2618 1712 2655 put

942 2667 960 2688 a
976 2658 1065 2687 colon
1081 2658 1165 2688 after
1182 2662 1190 2674 ‘
1200 2658 1368 2697 iniquum?

986 2711 1067 2740 quae
1082 2700 1272 2741 reeliyalz'a]
1319 2701 1404 2731 That
1427 2700 1464 2737 is,
1488 2701 1545 2731 the
1567 2703 1658 2741 parts
1680 2702 1717 2731 of

943 2744 1030 2784 Italy
1055 2744 1160 2774 which
1184 2755 1238 2774 are
1262 2744 1353 2784 ‘agri
1375 2744 1571 2784 vectigaleS,'
1594 2755 1628 2774 as
1655 2745 1712 2775 the

941 2787 1029 2827 Ager
1056 2787 1238 2827 Campanus
1264 2787 1328 2817 and
1349 2787 1494 2817 Stellatis
1521 2797 1556 2817 or
1584 2787 1711 2823 Stellas,

941 2841 975 2860 as
1003 2830 1102 2861 Orelli
1128 2831 1237 2861 writes
1263 2831 1300 2861 it.
1357 2830 1433 2860 This
1459 2841 1524 2860 was
1553 2830 1610 2861 the
1635 2831 1712 2861 land

942 2874 1046 2904 which
1069 2874 1126 2905 the
1142 2873 1209 2905 Lex
1225 2873 1363 2914 Agraria
1379 2873 1415 2904 of
1433 2872 1560 2910 Caesar,
1576 2881 1641 2904 B.c.
1658 2875 1710 2911 59,
