1849 3167
130 100 214 141 366
724 96 795 140 IN
825 95 871 138 O.
905 94 1162 138 VERREM

130 213 265 262 istius,
307 215 479 254 tantum
518 211 652 253 scelus
691 211 738 253 in
782 215 967 253 aratores
1007 207 1460 258 fuisse,—incredibile
1499 208 1618 251 dictu
1658 214 1734 260 est,

125 279 303 335 judiceS,
338 277 411 319 sed
446 281 488 318 et
520 277 681 318 factum
715 281 757 318 et
789 280 879 317 tota
911 273 1056 316 Sicilia
1090 273 1513 329 pervulgatum‚—-ut
1544 275 1738 317 homines

129 348 302 399 propter
325 342 504 399 injurias
533 342 835 396 licentiamque
856 341 1186 381 decumanorum
1215 344 1396 380 mortem
1426 340 1507 382 sibi
1536 341 1736 396 111510011-

131 408 345 451 sciverint.
408 407 736 463 Centuripinum
749 406 943 447 Dioclem
962 405 1180 446 hominem
1200 404 1454 459 locupletem
1474 407 1739 461 suspendisse

132 490 174 516 se
196 478 373 523 constat,
397 489 480 528 quo
501 472 569 514 die
590 473 645 514 sit
666 472 705 513 ei
733 471 982 512 nuntiatum
1001 469 1243 525 Apronium
1273 470 1468 512 decumas
1498 473 1737 513 redemisse.

132 539 391 595 Tyracinum
423 538 660 594 principem
693 536 880 578 civitatis
920 536 1068 577 eadem
1107 535 1271 576 ratione
1311 541 1492 578 mortem
1531 538 1740 592 oppetisse

133 605 244 647 dixit
277 605 391 660 apud
422 619 496 646 vos
531 604 657 644 homo
697 602 985 644 nobilissimus
1016 601 1286 643 Archonidas
1325 601 1569 652 Helorinus,
1607 618 1741 658 quum

134 671 318 712 audisset
349 674 518 712 tantum
548 669 830 709 decumanum
858 667 1096 723 professum
1126 682 1214 708 esse
1246 682 1300 707 ex
1334 667 1471 708 edicto
1502 667 1625 709 istius
1660 668 1741 709 sibi
1774 666 1778 669 i

134 736 279 778 deberi
299 740 507 791 quantum
527 734 602 775 ille
622 734 743 789 bonis
765 733 851 775 suis
871 733 1066 775 omnibus
1087 732 1250 773 efficere
1269 747 1356 773 non
1376 737 1527 787 posset.

191 802 311 843 Haec
332 807 392 850 tu,
408 799 578 841 tametsi
594 799 785 841 omnium
805 798 1029 840 hominum
1044 797 1391 839 dissolutissimus
1407 797 1740 840 crudelissimus-

136 883 216 923 que
237 882 401 921 semper
422 865 553 915 fuisti,
576 870 721 906 tamen
745 880 966 920 nunquam
989 869 1268 920 perpeterere,
1290 867 1513 918 propterea
1534 864 1647 919 quod
1667 864 1741 905 ille

135 933 319 989 gemitus
339 932 563 987 luctusque
583 931 829 986 provinciae
860 932 913 972 ad
943 931 1009 972 tui
1039 930 1190 985 capitis
1211 929 1450 984 periculum
1470 929 1712 984 pertinebat
1729 945 1738 980 ;

135 1014 234 1048 non,
257 998 445 1053 inquam,
460 1002 728 1052 perpeterere
749 1002 797 1038 ut
818 996 1012 1038 homines
1032 995 1215 1052 injuriae
1236 1000 1334 1036 tuae
1355 995 1591 1036 remedium
1606 999 1742 1035 morte

136 1079 184 1105 ac
215 1063 439 1119 suspendio
469 1067 734 1118 quaererent,
766 1062 851 1104 nisi
881 1078 930 1104 ea
960 1078 1026 1103 res
1057 1062 1111 1103 ad
1140 1065 1364 1116 quaestum
1385 1065 1427 1101 et
1457 1061 1511 1101 ad
1541 1060 1743 1115 praedam

136 1134 256 1171 tuam
295 1129 541 1184 pertineret.
619 1128 733 1174 Quid
763 1128 872 1169 illud
901 1127 1202 1183 perpeterere?
1273 1125 1513 1175 Attendite,
1550 1126 1741 1181 judices3

138 1194 334 1236 omnibus
355 1193 471 1234 enim
491 1192 633 1234 nervis
653 1193 763 1233 mihi
784 1193 1128 1234 contendendum
1157 1196 1232 1242 est,
1265 1196 1392 1246 atque
1422 1190 1469 1232 in
1498 1191 1578 1232 hoc
1603 1191 1742 1233 elabo-

139 1260 322 1301 randum
342 1264 390 1300 ut
410 1274 554 1300 omnes
575 1258 824 1314 intelligant
851 1274 981 1313 quam
1012 1258 1264 1313 improbam,
1298 1272 1429 1312 quam
1457 1256 1742 1305 manifestam,

140 1341 269 1381 quam
296 1324 530 1366 confessam
550 1339 641 1365 rem
660 1324 840 1378 pecunia
860 1324 1066 1365 redimere
1087 1327 1274 1364 conetur.
1338 1322 1479 1364 Grave
1500 1323 1661 1364 crimen
1681 1327 1745 1363 est

139 1391 219 1432 hoc
240 1395 282 1432 et
302 1390 529 1431 vehemens
550 1394 592 1430 et
613 1394 708 1444 post
729 1389 952 1431 hominum
980 1389 1230 1430 memoriam
1256 1387 1502 1444 judiciaque
1533 1388 1586 1428 de
1616 1403 1743 1442 pecu-

140 1456 224 1497 niis
244 1455 490 1510 repetundis
512 1454 743 1496 constituta
771 1455 1084 1510 gravissimum,
1118 1459 1359 1509 praetorem
1389 1453 1521 1495 socios
1547 1454 1744 1496 habuisse

140 1522 405 1563 decumanos.
467 1520 613 1562 LVII.
646 1520 746 1562 Non
767 1521 845 1562 hoc
865 1536 980 1562 nunc
1000 1520 1188 1576 primum
1209 1519 1328 1561 audit
1357 1519 1549 1574 privatus
1579 1519 1631 1560 de
1661 1519 1744 1560 ini-

141 1588 263 1638 mico,
286 1603 381 1629 reus
402 1587 454 1628 ab
477 1591 741 1628 accusatore:
769 1586 861 1642 jam
882 1591 1007 1628 antea
1030 1586 1076 1627 in
1107 1586 1209 1627 sella
1239 1586 1387 1627 sedens
1407 1591 1589 1640 praetor,
1612 1601 1746 1641 quum

141 1653 404 1708 provinciam
439 1652 629 1693 Siciliam
664 1652 886 1702 obtineret,
924 1667 1058 1707 quum
1091 1651 1144 1692 ab
1176 1651 1371 1692 omnibus
1405 1666 1493 1692 non
1525 1651 1662 1692 solum
1700 1652 1747 1692 id

142 1720 255 1774 quod
287 1733 510 1760 commune
545 1723 608 1759 est
643 1723 817 1773 propter
856 1717 1097 1773 imperium,
1132 1717 1206 1758 sed
1240 1716 1369 1758 etiam
1403 1717 1449 1758 id
1480 1718 1593 1772 quod
1623 1717 1746 1759 istius

142 1784 419 1840 praecipuum
451 1788 513 1825 est
540 1789 715 1839 propter
743 1783 1040 1826 crudelitatem
1070 1787 1345 1833 metueretur,
1379 1783 1534 1824 millies
1566 1783 1745 1834 audivit,

186 1891 239 1922 56.
257 1889 518 1931 perzvzclyccllch
566 1890 697 1930 Zumpt,
723 1890 833 1926 Klotz,
857 1890 923 1920 and

143 1935 264 1965 Iordan
279 1934 374 1964 write
396 1938 404 1950 ‘
416 1934 654 1974 pervagatum?
676 1944 717 1964 011
732 1934 790 1964 the
805 1933 922 1964 autho-

142 1978 209 2018 rity
226 1978 263 2007 of
274 1977 335 2017 Lg.
353 1979 393 2007 42
410 1977 496 2017 only.
539 1977 658 2016 Zumpt
674 1987 746 2017 says
761 1977 837 2007 that
852 1977 879 2007 it
896 1977 922 2007 is

964 1899 1099 1930 passage
1127 1888 1373 1929 ‘promulgata'
1403 1888 1430 1919 is
1456 1888 1514 1919 the
1539 1889 1747 1929 appropriate

966 1933 1066 1963 word.
1112 1933 1180 1963 But
1206 1942 1266 1962 one
1292 1942 1367 1972 may
1390 1932 1493 1962 doubt
1516 1932 1664 1963 whether
1690 1933 1748 1963 the

966 1976 1139 2007 differenee
1149 1975 1186 2005 cf
1192 1975 1346 2015 meaning
1356 1976 1501 2006 between
1515 1976 1729 2016 ‘pervulgata
1738 1976 1747 1989 '

143 2024 201 2051 not
218 2021 318 2051 Latin
333 2023 369 2051 to
384 2021 480 2061 apply
499 2021 732 2060 ‘pe1·vulgata‚'
748 2031 785 2050 or
804 2020 923 2060 harffly

144 2064 244 2095 Latin
262 2065 284 2104 (‘
298 2074 410 2094 verum
422 2064 624 2103 perrzclglata
641 2063 759 2094 Latine
775 2074 840 2094 11011
856 2064 923 2094 fere

144 2107 301 2137 dicuntur
311 2107 346 2147 '),
363 2110 399 2137 to
415 2107 528 2147 things
546 2107 653 2137 which
675 2117 730 2137 are
745 2107 865 2137 known
887 2108 923 2137 to

144 2151 197 2186 all,
215 2151 276 2180 but
299 2152 334 2180 to
349 2150 462 2190 things
478 2150 553 2181 that
574 2160 628 2180 are
643 2150 806 2189 practised
829 2150 872 2190 by
888 2160 924 2180 or

145 2204 200 2224 are
220 2193 255 2223 in
278 2204 333 2223 use
356 2193 399 2233 by
416 2193 477 2230 all3
502 2197 591 2223 “nec
615 2193 845 2233 pervulgamus
868 2203 923 2223 no-

145 2237 240 2267 titiae
266 2246 371 2272 causa,
399 2236 455 2266 sed
481 2238 519 2266 ut
546 2236 600 2266 alii
625 2236 724 2276 vulgo
749 2236 924 2266 utantur.’'

146 2279 387 2315 “Theret'ore‚”
409 2279 450 2309 he
473 2290 555 2319 says,
580 2279 642 2309 “if
660 2290 708 2309 we
730 2279 808 2310 read
832 2283 924 2319 ‘per-

145 2322 341 2363 vulgatuni‚'
364 2332 411 2352 we
434 2325 523 2352 must
546 2323 749 2353 understand
768 2323 845 2353 that
867 2322 925 2352 the

147 2365 330 2396 ‘aratores'
371 2365 501 2404 hanged
538 2365 731 2395 themselves
768 2366 812 2395 all
849 2375 925 2395 over

147 2408 279 2449 Sicily?
326 2407 438 2439 Cicero
453 2408 570 2447 hardly
585 2418 696 2438 means
715 2410 750 2438 to
766 2418 821 2448 say
838 2408 923 2438 this:

146 2453 187 2483 he
202 2462 313 2482 means
329 2453 364 2481 to
381 2461 447 2491 say,
464 2451 539 2481 that
555 2451 612 2481 the
633 2451 731 2491 thing
747 2462 811 2481 was
832 2451 924 2481 noto-

147 2496 234 2526 rious
249 2495 293 2525 all
313 2504 389 2525 over
411 2494 520 2533 Sicily.
566 2494 686 2533 Zumpt
710 2504 789 2524 even
812 2494 926 2524 thinks

146 2539 221 2570 that
239 2542 247 2554 ‘
259 2537 439 2578 cupiditate
455 2537 510 2566 illa
527 2560 534 2566 .
553 2559 559 2567 .
575 2537 773 2576 pervagata'
792 2537 878 2577 (Lib.
896 2538 926 2568 2.

148 2592 174 2613 0.
206 2582 262 2622 34«)
294 2591 369 2621 may
400 2580 465 2612 also
499 2580 537 2610 be
572 2580 771 2610 understood
801 2580 837 2610 of
869 2580 927 2610 the

148 2625 312 2665 notoriety
329 2625 365 2654 of
383 2624 440 2654 the
464 2623 647 2663 greediness
670 2623 707 2653 of
726 2623 862 2660 Verres5
885 2633 927 2653 311

147 2668 365 2708 explanation,
383 2667 399 2697 1
416 2666 524 2703 think,
541 2666 647 2696 which
663 2666 729 2696 will
752 2668 810 2696 not
831 2676 927 2705 gene-

148 2712 229 2751 rally
257 2712 296 2741 be
322 2710 479 2741 received.
525 2709 578 2740 He
608 2709 708 2739 refers
733 2711 769 2739 to
797 2713 927 2748 ‘perva-

149 2757 263 2795 gatum
289 2754 359 2784 est’
383 2754 417 2783 in
442 2753 513 2783 Lib.
538 2754 568 2783 4.
593 2763 620 2783 0.
644 2754 696 2784 28.
743 2752 783 2782 111
807 2751 879 2782 Lib.
897 2753 927 2783 2.

150 2808 177 2828 0.
201 2799 253 2833 42,
280 2797 295 2826 l
319 2797 401 2827 have
424 2796 571 2826 followed
594 2796 714 2836 Zumpt
736 2795 770 2825 in
794 2795 928 2835 Writing

150 2844 159 2857 ‘
169 2839 395 2881 promulgata'
411 2839 461 2870 sor
478 2839 690 2880 ‘pervulgata
699 2839 720 2877 ς’
736 2839 797 2870 but
809 2838 843 2869 in
853 2838 929 2870 that

967 2019 1031 2050 and
1057 2023 1065 2036 ‘
1075 2019 1293 2059 provulgata?
1320 2029 1356 2048 or
1383 2022 1392 2036 ‘
1404 2019 1633 2059 p1·omu]gata,'
1660 2020 1687 2049 is
1713 2029 1748 2050 so

967 2064 1061 2103 great
1078 2073 1112 2092 as
1128 2063 1249 2102 Zumpt
1264 2061 1375 2092 makes
1390 2062 1428 2092 it.

1019 2106 1105 2145 Quid
1120 2105 1205 2135 illud
1216 2107 1426 2145 perpeterere
1439 2104 1469 2146 ?]
1511 2109 1520 2123 ⁶
1530 2105 1642 2142 Quid?
1666 2105 1749 2135 illud

968 2152 1117 2190 paterere
1130 2149 1160 2180 P’
1185 2149 1316 2188 Zumpt.
1347 2148 1400 2178 He
1416 2159 1487 2188 says
1497 2148 1533 2179 of
1547 2150 1715 2188 ‘paterere
1728 2148 1747 2179 :’

972 2196 1041 2222 “ex
1066 2192 1127 2231 Lg.
1151 2193 1204 2228 42,
1227 2202 1286 2231 pro
1302 2193 1522 2231 perpeterere,
1544 2191 1630 2232 quod
1652 2191 1749 2222 nimis

967 2235 1186 2276 propinquum
1202 2236 1261 2270 est,
1278 2234 1471 2264 edidimus?

1012 2277 1266 2308 contendendum
1282 2276 1355 2318 effe]
1403 2277 1480 2307 This
1503 2277 1593 2307 word
1615 2277 1642 2307 is
1664 2277 1748 2307 from
1805 2296 1808 2297 ν

970 2321 1011 2352 V.
1043 2321 1163 2360 Zumpt
1178 2321 1236 2350 has
1254 2320 1353 2351 ‘mihi
1368 2320 1475 2350 nervis
1491 2320 1748 2350 connitendum?

969 2367 1024 2386 -—‘
1035 2363 1333 2400 elaborandum,'1n
1344 2363 1434 2403 place
1445 2363 1481 2393 of
1494 2363 1749 2400 ‘laborandun1,'

969 2407 996 2437 is
1011 2407 1077 2438 also
1091 2406 1175 2436 from
1192 2406 1232 2436 V.

1013 2450 1192 2491 eoyffessam
1209 2448 1293 2490 rems]
1341 2449 1418 2479 This
1439 2449 1465 2479 is
1485 2460 1545 2480 one
1566 2449 1603 2480 of
1620 2450 1678 2480 the
1702 2460 1750 2480 so-

971 2493 1073 2524 called
1095 2493 1258 2532 deponent
1274 2493 1379 2529 verbs,
1395 2493 1432 2523 of
1450 2493 1557 2523 which
1575 2493 1633 2523 the
1648 2493 1750 2533 parti-

971 2536 1068 2576 ciples
1079 2546 1133 2566 are
1149 2536 1332 2566 sometimes
1348 2536 1428 2566 used
1443 2536 1476 2566 in
1487 2547 1505 2566 a
1515 2537 1639 2576 passive
1649 2546 1750 2567 sense.

973 2580 1031 2610 See
1048 2579 1119 2609 Lib.
1137 2580 1166 2608 2.
1184 2589 1210 2609 c.
1227 2579 1279 2616 76,
1296 2582 1373 2610 note
1389 2590 1429 2609 011
1448 2579 1611 2610 ‘testata.’

1016 2622 1067 2654 57.
1102 2622 1259 2661 privam
1294 2623 1332 2653 de
1366 2623 1505 2658 inimico,
1538 2621 1611 2663 ⁴5⁵⁰]
1673 2622 1751 2652 This

971 2676 1082 2695 means
1099 2669 1107 2681 ‘
1119 2665 1203 2695 from
1219 2666 1268 2695 his
1285 2666 1421 2706 enemy?
1468 2665 1537 2696 But
1553 2665 1665 2696 Cicero
1680 2675 1752 2695 uses

974 2709 1035 2738 ‘ab
1058 2709 1268 2746 accusatore,'
1285 2720 1318 2739 as
1341 2709 1376 2746 if,
1393 2720 1427 2739 as
1451 2709 1570 2748 Zumpt
1594 2708 1750 2744 remarks,

974 2752 1055 2782 ‘ab'
1081 2752 1249 2791 expressed
1274 2762 1293 2782 a
1316 2762 1405 2782 more
1428 2752 1533 2782 direct
1556 2761 1694 2791 purpose
1717 2751 1752 2782 in

972 2795 1041 2825 him
1058 2794 1129 2824 who
1150 2795 1274 2835 speaks,
1291 2795 1356 2825 and
1375 2795 1452 2826 ‘de'
1477 2805 1496 2826 a
1517 2795 1578 2825 less
1595 2794 1700 2825 direct
1716 2804 1753 2824 01·

973 2838 1089 2869 formal
1105 2839 1388 2870 communication.
