1849 3167
438 105 564 147 AOT.
598 104 659 146 Π.
692 103 880 146 LIBER
911 103 1190 150 QUINTUS.
1544 104 1623 146 611

19 218 218 275 judiees?
239 222 312 260 aut
333 234 417 274 qua
436 219 481 261 vi
501 219 626 269 vocis,
645 234 728 274 qua
750 218 961 274 gravitate
977 218 1215 268 verborum,
1234 233 1317 273 quo
1338 218 1480 260 dolore
1493 217 1626 260 animi

24 284 162 325 dicam
176 285 196 325 Ρ
226 285 395 325 tametsi
419 285 538 326 dolor
565 300 650 326 non
674 284 840 325 deficit:
872 288 920 324 ut
941 288 1080 324 cetera
1100 284 1208 324 mihi
1228 284 1274 324 in
1295 284 1472 325 dicendo
1493 284 1626 339 digna

22 352 82 398 re,
120 349 252 404 digna
293 350 434 391 dolore
473 365 566 391 meo
606 354 844 404 suppetant,
878 348 1016 404 magis
1050 348 1329 390 laborandum
1365 354 1438 390 est.
1502 349 1627 395 Quod

24 414 185 456 crimen
207 415 412 470 ejusmodi
434 419 496 456 est
515 421 576 465 ut,
599 430 730 470 quum
757 414 944 469 primum
972 414 1026 454 ad
1049 429 1116 454 me
1143 413 1332 454 delatum
1353 419 1427 463 est,
1450 429 1626 455 usurum
1648 418 1651 420 ’

24 494 93 520 me
123 479 198 521 illo
222 495 308 521 non
335 487 554 535 putarem3
586 480 757 521 tametsi
778 480 893 520 enim
914 479 1182 520 verissimum
1202 493 1290 520 esse
1317 478 1624 534 intelligebam,

24 548 169 585 tamen
205 545 405 586 credibile
440 545 528 586 fore
563 560 648 586 non
684 545 932 586 arbitrabar.
1000 543 1180 586 Coactus
1214 543 1400 585 lacrimis
1436 544 1628 585 omnium

26 609 184 651 civium
205 609 495 651 Romanorum
516 609 590 665 qui
610 609 656 650 in
677 609 822 651 Sicilia
841 609 1130 665 negotiantur,
1149 609 1355 650 adductus
1376 608 1626 650 Valentino-

25 689 123 716 rum
162 675 385 716 hominum
423 675 814 717 honestissimorum
855 675 1129 729 omniumque
1168 673 1465 729 Rheginorum
1508 673 1628 715 test-i-

25 738 180 779 moniis
200 738 516 794 multorumque
537 739 728 794 equitum
749 738 1042 779 Romanorum
1066 737 1140 792 qui
1168 752 1267 777 casu
1296 741 1389 777 tum
1409 736 1629 778 Messanae

26 802 212 853 fuerunt,
240 803 339 844 dedi
368 808 537 844 tantum
567 804 707 858 priore
738 803 902 844 actione
932 803 1107 844 testium
1136 817 1202 843 res
1232 807 1280 843 ut
1308 802 1471 843 nemini
1501 802 1630 843 dubia

26 883 114 909 esse
145 873 297 923 posset.
361 868 476 914 Quid
514 883 628 910 nune
669 869 828 924 agam?
890 868 1032 915 Quum
1067 868 1158 923 jam
1197 872 1261 908 tot
1301 867 1425 908 horas
1460 867 1512 908 de
1544 882 1629 909 uno

27 948 181 988 genere
209 949 256 975 ac
284 934 336 975 de
362 934 484 975 istius
508 934 672 975 nefaria
698 934 948 975 erudelitate
969 934 1121 982 dicam,
1144 948 1276 988 quum
1303 947 1434 987 prope
1461 947 1630 973 omnem

26 998 115 1040 Vim
135 999 361 1040 verborum
383 999 589 1055 ejusmodi
613 1015 720 1054 quae
741 999 894 1041 scelere
914 999 1036 1040 istius
1060 999 1193 1054 digna
1214 998 1300 1039 sint
1324 997 1418 1039 aliis
1439 998 1485 1038 in
1506 998 1630 1039 rebus

26 1064 359 1119 consumpserim
393 1079 531 1119 neque
565 1064 645 1105 hoc
676 1064 935 1119 providerim
969 1069 1018 1105 ut
1049 1063 1255 1105 varietate
1295 1063 1523 1104 criminum
1557 1078 1631 1104 vos

28 1133 212 1170 attentos
233 1134 434 1178 tenerem,
452 1130 811 1184 quemadmodum
832 1130 883 1170 de
904 1134 1024 1170 tanta
1046 1144 1090 1170 re
1105 1129 1277 1170 dicam?
1328 1127 1503 1182 Opinor,
1521 1143 1630 1168 unus

26 1194 175 1236 modus
206 1199 333 1250 atque
363 1209 448 1235 una
479 1194 587 1235 ratio
617 1199 691 1235 est.
753 1194 864 1235 Rem
893 1194 939 1234 in
969 1194 1108 1235 medio
1132 1208 1300 1248 ponam,
1324 1208 1432 1248 quae
1462 1197 1631 1233 tantum

26 1259 155 1301 habet
181 1259 272 1314 ipsa
300 1259 523 1314 gravitatis
553 1264 601 1299 ut
631 1274 768 1314 neque
798 1275 904 1308 mea,
937 1274 1045 1314 quae
1075 1259 1195 1300 nulla
1225 1263 1300 1307 est,
1332 1273 1470 1313 neque
1491 1257 1630 1313 cujus-

25 1339 153 1379 quam
176 1325 230 1365 ad
249 1323 574 1366 inflammandos
595 1329 755 1366 vestros
777 1324 939 1365 animos
960 1324 1202 1379 eloquentia
1229 1323 1482 1378 requiratur.
1545 1322 1630 1364 Gra-

25 1389 119 1430 vius
149 1388 233 1438 hic,
256 1404 383 1444 quem
413 1389 519 1439 dico,
548 1389 777 1440 Consanus,
807 1404 940 1444 quum
969 1389 1015 1430 in
1045 1389 1120 1431 illo
1150 1404 1326 1430 numero
1357 1388 1515 1430 civium
1545 1387 1632 1429 Ro-

25 1469 250 1495 manorum
280 1454 332 1495 ab
362 1454 443 1496 isto
464 1454 510 1496 in
530 1454 702 1497 vincula
732 1454 947 1510 conjectus
978 1459 1085 1496 esset
1115 1459 1158 1496 et
1187 1454 1327 1496 neseio
1358 1469 1442 1509 qua
1468 1453 1633 1496 ratione

27 1519 137 1561 elam
158 1535 179 1561 e
200 1519 419 1562 lautumiis
439 1520 698 1577 profugisset
719 1521 1045 1576 Messanamque
1066 1521 1263 1569 venisset,
1287 1520 1361 1575 qui
1382 1525 1472 1561 tam
1501 1534 1632 1574 prope

22 1585 115 1641 jam
135 1585 309 1626 Italiam
329 1590 372 1626 et
391 1586 558 1628 moenia
579 1586 879 1642 Rheginorum
899 1586 1063 1627 videret
1091 1591 1133 1627 et
1161 1601 1214 1627 ex
1238 1585 1312 1626 illo
1339 1589 1457 1626 metu
1483 1584 1633 1626 mortis

29 1664 76 1691 ac
106 1649 291 1691 tenebris
322 1650 443 1704 quasi
473 1650 566 1692 luce
595 1651 806 1692 libertatis
836 1656 879 1692 et
909 1651 1034 1692 odore
1065 1650 1208 1706 aliquo
1238 1650 1383 1705 legum
1420 1654 1632 1690 recreatus

28 1715 265 1765 revixisset,
287 1714 405 1770 loqui
435 1715 655 1757 Messanae
685 1720 728 1757 et
758 1715 880 1770 queri
910 1716 1048 1770 coepit
1078 1731 1121 1757 se
1151 1716 1288 1757 civem
1319 1714 1561 1755 Romanum
1585 1713 1632 1754 in

27 1781 201 1823 vincula
231 1780 480 1835 conjectum,
513 1781 594 1823 sibi
623 1786 738 1822 recta
772 1781 855 1822 iter
890 1796 978 1822 esse
1009 1781 1202 1831 Romam,
1235 1780 1363 1822 Verri
1392 1795 1435 1821 se
1465 1784 1632 1834 praesto

30 1846 275 1888 advenienti
296 1846 500 1886 futurum.

86 1911 233 1952 LXII.
266 1911 308 1952 N
311 1926 365 1952 on
392 1910 661 1966 intelligebat
689 1911 816 1953 miser
843 1911 953 1952 nihil
978 1911 1180 1952 interesse
1206 1915 1352 1951 utrmn
1381 1909 1485 1951 haee
1518 1909 1630 1952 Mes-

29 1992 155 2019 sanae
179 1992 234 2017 an
264 1977 377 2031 apud
407 1976 537 2016 istum
567 1976 613 2016 in
637 1977 848 2031 praetorio
875 1976 1133 2031 loqueretur.
1193 1975 1319 2025 Nam,
1343 1980 1391 2016 ut
1412 1980 1537 2016 antea
1558 1989 1631 2016 vos

29 2042 165 2092 docui,
199 2042 309 2083 hanc
345 2041 426 2082 sibi
465 2041 544 2082 iste
577 2042 726 2082 urbem
758 2042 975 2097 delegerat
1007 2056 1136 2096 quam
1167 2040 1343 2082 haberet
1379 2040 1632 2095 adjutricem

30 2107 247 2157 scelerum,
290 2106 502 2147 furtorum
542 2106 829 2161 receptricem,
872 2106 1135 2161 flagitiorum
1174 2105 1366 2146 omnium
1406 2106 1629 2146 consciam.

29 2172 184 2228 Itaque
224 2172 278 2213 ad
318 2171 619 2226 magistratum
658 2172 964 2212 Mamertinum
1004 2171 1150 2212 statim
1190 2170 1414 2211 deducitiu·
1455 2170 1629 2220 Gavius,

30 2253 162 2293 coque
185 2237 275 2293 ipso
296 2237 364 2278 die
385 2252 484 2278 casu
506 2236 747 2278 Messanam
767 2237 924 2279 Verres
945 2237 1074 2279 venit.
1119 2236 1204 2277 Res
1225 2236 1278 2276 ad
1299 2251 1394 2276 eum
1416 2235 1630 2277 defertur:

31 2319 119 2346 esse
149 2303 286 2345 civem
313 2302 556 2343 Romanum
583 2302 657 2357 qui
684 2318 727 2344 se
753 2302 971 2358 Syracusis
1001 2302 1047 2343 in
1075 2301 1294 2343 lautumiis
1326 2300 1452 2342 fuisse
1483 2315 1632 2356 quere-

31 2374 174 2418 retur;
196 2382 322 2423 quem
339 2367 431 2423 jam
451 2367 764 2422 ingredientem
789 2366 877 2424 [in]
902 2383 1056 2409 navem
1077 2372 1119 2409 et
1138 2366 1266 2409 Verri
1286 2365 1414 2407 nimis
1435 2366 1634 2408 atrociter

33 2469 75 2488 an
102 2457 221 2487 absnrd
252 2458 438 2495 argument.
485 2456 536 2486 He
562 2456 655 2486 could
686 2467 737 2487 see
768 2467 810 2486 no
855 2460 864 2474 ‘
876 2457 1129 2488 elaborandum)

32 2511 121 2531 inore
137 2501 244 2530 of.one
261 2500 349 2540 phu-e
366 2500 446 2529 than
475 2500 511 2529 of
531 2500 587 2529 the
608 2500 721 2535 othon
745 2500 810 2530 and
893 2500 1049 2542 pram-w]
1107 2501 1166 2531 See
1198 2499 1269 2530 Lib.
1301 2500 1330 2530 2.
1363 2509 1390 2530 c.
1421 2499 1451 2536 4,
1483 2502 1560 2530 note
1590 2509 1631 2529 on

33 2544 70 2574 of
81 2544 137 2574 the
154 2546 219 2574 two
235 2543 349 2583 phu-es,
368 2543 447 2572 Cosa
472 2553 508 2571 or
531 2543 637 2578 Cossa,
655 2543 759 2573 which
785 2544 810 2573 is
855 2543 1083 2584 ‘quawstorosss

34 2597 75 2617 on
92 2587 148 2616 tho
172 2588 270 2622 coust,
288 2586 313 2615 is
330 2586 385 2616 the
410 2586 498 2625 phu-e
524 2586 598 2616 that
622 2596 681 2616 one
705 2586 810 2617 would
897 2587 950 2617 62.
976 2586 1090 2627 isium]
1117 2586 1144 2616 R
1159 2587 1178 2617 3
1197 2586 1257 2624 Lg.
1269 2587 1321 2619 29,
1334 2585 1396 2615 and
1409 2585 1571 2615 therefore
1584 2595 1632 2615 wo

33 2630 205 2670 ])ι·61“ιϊ.-«ζ
217 2629 307 2659 dolor
324 2639 374 2659 nie
391 2639 453 2658 non
468 2629 485 2658 :'
513 2629 623 2665 Orelli,
642 2629 712 2659 who
739 2640 810 2670 says
855 2631 959 2670 ought
973 2633 1007 2661 to
1023 2630 1100 2661 take
1113 2630 1150 2660 it.
1198 2630 1232 2659 Is
1245 2640 1291 2658 we
1304 2628 1396 2658 vonld
1413 2628 1527 2657 choose
1544 2628 1632 2658 what»

36 2673 152 2703 ‘dolor
172 2683 234 2702 non
262 2672 366 2702 neseio
391 2672 475 2701 unde
504 2672 644 2712 Zumpt!
683 2673 810 2703 ‘dolore
855 2684 902 2704 we
918 2674 994 2709 like,
1011 2674 1104 2704 there
1121 2673 1146 2702 is
1168 2683 1208 2703 no
1233 2671 1393 2711 objectioni
1422 2673 1456 2701 to
1483 2671 1631 2710 ‘ipsun¹,'

34 2727 100 2746 non
114 2716 122 2728 '
141 2716 180 2751 R,
198 2715 302 2745 which
321 2715 474 2755 probably
491 2725 601 2745 means
624 2719 632 2732 ‘
645 2715 734 2745 dolor
760 2726 811 2746 mc
856 2717 912 2748 the
929 2717 1064 2755 reading
1080 2716 1116 2745 os
1128 2716 1184 2746 ihc
1201 2715 1283 2745 dett.

36 2769 101 2789 non
113 2758 132 2795 ;'
157 2759 267 2789 ‘dolor
291 2758 377 2794 non,'
403 2759 430 2788 G
443 2759 460 2788 1
473 2760 556 2788 2.—-‘
568 2758 778 2789 laborandum
792 2759 810 2789 :’
912 2758 1160 2800 ingl-edienletnj
1237 2762 1245 2775 ‘
1266 2757 1510 2798 Ingredienteln
1572 2757 1605 2786 in
1623 2756 1631 2769 ⁸

38 2802 100 2832 113
126 2802 186 2842 Lg.
212 2803 263 2837 29,
292 2801 421 2832 Iordan.
468 2801 483 2831 I
508 2801 590 2832 have
613 2812 683 2832 now
711 2802 811 2833 taken
856 2803 1109 2840 R3A‚101·‹lan.

36 2845 103 2876 this
118 2845 254 2884 reading
270 2844 397 2875 instead
413 2844 450 2874 os
469 2844 526 2875 the
542 2844 662 2876 former
677 2846 812 2884 reading

782 2890 908 2933 1ι1·2
