1849 3167
148 126 233 168 340
749 127 820 171 IN
850 127 896 170 O.
927 126 1185 170 VERREM

156 240 302 296 Pipae,
325 239 420 295 plus
450 256 579 297 quam
609 245 856 292 ceterarum,
879 257 927 284 ac
956 257 1086 297 prope
1116 241 1255 282 dicam
1284 244 1454 283 tantum
1483 243 1596 298 apud
1626 242 1756 284 istum

154 304 202 346 in
223 305 434 347 Siciliensi
463 311 661 361 praetura
691 308 919 349 auctoritas
949 307 1089 361 potuit
1119 310 1327 361 quantum
1356 307 1402 348 in
1431 308 1594 349 urbana
1615 307 1753 348 Cheli-

155 371 288 412 donis.
368 371 562 413 Veniunt
603 372 829 413 Herbitam
870 373 952 412 duo
991 371 1198 426 praetoris
1243 372 1399 413 aemuli
1446 387 1532 413 non
1574 372 1754 422 molesti,

151 435 499 478 muliercularum
538 438 862 478 deterrimarum
908 436 1210 491 improbissimi
1248 437 1499 492 cognitores,
1541 437 1755 492 incipiunt

153 501 379 555 postulare,
412 517 594 556 poscere,
627 501 796 542 minari.
857 501 957 542 Non
987 505 1185 556 poterant
1213 506 1357 542 tamen
1387 517 1519 556 quum
1553 506 1756 556 cuperent

153 565 315 607 imitari
334 567 600 621 Apronium:
634 566 765 607 Siculi
788 566 949 608 Siculos
970 581 1055 608 non
1077 571 1166 607 tam
1185 566 1549 621 pertimescebant.
1613 565 1756 612 Quum

153 631 270 672 omni
305 632 469 673 ratione
501 632 567 672 illi
599 636 743 672 tamen
778 631 1152 681 calumniarentur,
1187 631 1444 687 promittunt
1479 631 1756 673 Herbitenses

152 696 444 737 vadimonium
484 696 724 751 Syracusas.
797 697 860 738 Eo
900 702 1174 752 posteaquam
1214 701 1390 737 ventum
1429 700 1503 746 est,
1545 692 1779 751 coguntur*

152 760 420 811 Aeschrioni,
452 762 531 802 hoc
562 766 636 811 est,
660 761 815 815 Pipae,
847 766 1017 803 tantum
1048 763 1147 803 dare
1178 765 1386 817 quantum
1416 766 1506 802 erat
1536 762 1587 802 de
1618 761 1756 816 capite

152 826 383 880 demptum,
416 826 549 868 tritici
578 827 689 868 mod.
720 820 786 868 1—1-1
813 841 878 868 Dc.
950 827 1227 869 Mulierculae
1253 826 1503 881 publicanae
1534 825 1671 867 noluit
1702 840 1756 866 ex

150 891 338 932 decumis
378 891 561 932 nimium
601 891 711 933 lucri
752 893 865 943 dare,
904 907 958 933 ne
1000 893 1109 934 forte
1140 893 1193 933 ab
1223 896 1431 932 nocturno
1473 906 1546 932 suo
1577 895 1755 946 quaestu

151 956 342 997 animum
363 957 417 997 ad
437 957 667 1012 vectigalia
687 957 935 999 redimenda
951 958 1213 999 transferret.
1256 956 1534 997 Transactum
1547 957 1757 1010 putabant

150 1021 442 1072 Herbitenses,
476 1037 608 1077 quum
637 1022 730 1072 iste,
765 1023 880 1069 Quid
916 1024 968 1065 de
1007 1024 1177 1072 hordeo,
1218 1022 1372 1077 inquit,
1405 1026 1448 1062 et
1488 1022 1539 1062 de
1578 1021 1756 1062 Docimo

150 1087 332 1128 amiculo
372 1103 478 1138 meo,
521 1087 625 1143 quid
665 1088 898 1143 cogitatis?
963 1088 1108 1144 Atque
1147 1089 1228 1130 hoc
1268 1088 1422 1143 agebat
1461 1087 1508 1127 in
1548 1086 1754 1136 cubiculo,

146 1151 323 1208 judices,
357 1157 484 1208 atque
515 1153 561 1194 in
591 1153 700 1195 lecto
744 1169 830 1195 suo.
902 1154 946 1196 N
948 1155 1132 1210 egabant
1171 1153 1237 1194 illi
1276 1153 1509 1208 quidquam
1548 1152 1629 1193 sibi
1669 1167 1757 1193 esse

151 1217 574 1260 mandatum.—-Non
597 1219 746 1260 audio:
778 1224 998 1260 numerate
1018 1219 1095 1260 HS
1119 1219 1378 1265 >Ul—Quid
1398 1218 1585 1259 facerent
1599 1217 1754 1266 miseri,

151 1287 226 1323 aut
247 1282 351 1337 quid
371 1284 648 1325 recusarent?
669 1285 918 1339 praesertim
940 1300 1072 1340 quum
1092 1285 1137 1325 in
1158 1285 1268 1326 lecto
1289 1285 1545 1325 decumanae
1566 1283 1756 1324 mulieris

150 1348 333 1403 vestigia
345 1349 541 1391 viderent
558 1351 744 1391 recentia
761 1351 914 1406 quibus
926 1351 1049 1391 illum
1062 1350 1319 1391 inflammari
1335 1350 1389 1391 ad
1401 1349 1756 1404 perseverandum

151 1413 451 1469 intelligebant
467 1415 487 1456 Ρ
547 1415 617 1457 Ita
648 1416 798 1458 civitas
827 1432 913 1458 una
942 1417 1149 1458 sociorum
1179 1421 1305 1471 atque
1335 1415 1567 1456 amicorum
1594 1415 1756 1455 duabus

151 1478 390 1520 deterrimis
421 1479 681 1522 mulierculis
711 1481 846 1523 Verre
877 1488 1070 1538 praetore
1105 1481 1328 1536 vectigalis
1355 1480 1450 1521 fuit.
1511 1479 1655 1535 Atque
1677 1495 1756 1534 ego

150 1559 265 1586 nunc
287 1560 383 1585 eum
404 1544 609 1587 frumenti
629 1562 855 1589 numerum
876 1553 918 1589 et
939 1563 1008 1589 eas
1028 1547 1195 1602 publice
1215 1547 1414 1602 pecunias
1435 1546 1678 1588 decumanis
1703 1546 1757 1587 ab

151 1610 480 1652 Herbitensibus
501 1612 622 1653 datas
644 1628 731 1655 esse
753 1614 860 1664 dico,
884 1630 967 1669 quo
992 1614 1056 1655 illi
1087 1613 1300 1654 frumento
1322 1617 1363 1654 et
1384 1612 1536 1667 quibus
1565 1611 1757 1666 pecuniis

151 1680 295 1716 tamen
326 1677 379 1717 ab
410 1677 740 1719 decumanorum
771 1679 941 1735 injuriis
963 1680 1074 1721 cives
1096 1694 1190 1720 suos
1209 1694 1296 1720 non
1316 1678 1599 1719 redemerunt.
1651 1677 1752 1717 Per-

152 1740 253 1781 ditis
285 1740 401 1782 enim
427 1741 518 1797 jam
549 1747 590 1783 et
621 1744 800 1798 direptis
821 1749 1036 1786 aratorum
1056 1744 1178 1785 bonis
1197 1744 1301 1784 haec
1323 1742 1567 1784 decumanis
1596 1757 1756 1783 merces

153 1806 335 1847 dabatur
364 1811 413 1847 ut
443 1807 673 1862 aliquando
703 1825 757 1850 ex
787 1825 933 1851 eorum
963 1810 1078 1866 agris
1119 1814 1246 1865 atque
1277 1824 1331 1850 ex
1359 1808 1535 1849 urbibus
1575 1807 1754 1848 abirent,

151 1871 306 1926 Itaque
337 1887 434 1912 cum
463 1872 663 1915 Philinus
694 1873 977 1925 Herbitensis,
1020 1875 1147 1916 homo
1187 1875 1369 1915 disertus
1401 1878 1443 1914 et
1482 1873 1680 1928 prudens,
1713 1877 1757 1913 et

153 1937 268 1978 domi
299 1937 466 1987 nobilis,
502 1939 554 1979 de
586 1939 827 1981 calamitate
859 1946 1075 1981 aratorum
1097 1944 1139 1981 et
1161 1941 1213 1981 de
1235 1939 1338 1995 fuga
1360 1943 1401 1980 et
1422 1939 1474 1980 de
1494 1938 1757 1993 reliquorum

152 2002 365 2057 paucitate
395 2003 563 2057 publice
594 2004 765 2054 diceret,
789 2005 1162 2055 animadvertistis,
1181 2005 1358 2061 judices,
1382 2003 1590 2059 gemitum
1609 2001 1759 2058 populi

153 2068 350 2117 Romani,
383 2068 503 2124 cujus
534 2069 774 2124 frequentia
804 2071 904 2111 huic
935 2086 1082 2112 causae
1111 2085 1333 2125 nunquam
1363 2069 1511 2110 defuit.
1574 2068 1668 2114 Qua
1704 2068 1757 2109 de

154 2132 367 2187 paucitate
389 2138 606 2174 aratorum
627 2134 709 2176 alio
729 2135 820 2176 loco
842 2136 993 2176 dicam.

212 2197 399 2238 XXXV.
432 2198 559 2240 Nunc
581 2199 689 2240 illud
709 2201 822 2255 quod
842 2215 976 2254 paene
997 2200 1196 2255 praeterii
1216 2215 1302 2240 non
1323 2199 1494 2240 omnino
1514 2198 1755 2253 relinquen-

156 2263 258 2303 dum
296 2263 477 2304 videtur.
539 2264 653 2305 Nam
692 2280 768 2319 per
808 2265 906 2306 deos
946 2265 1218 2314 immortales,
1260 2264 1373 2319 quod
1412 2264 1464 2304 de
1504 2263 1640 2318 capite
1675 2263 1756 2304 iste

156 2327 351 2382 dempsit,
375 2343 457 2382 quo
478 2329 652 2370 tandem
672 2330 795 2370 modo
817 2330 934 2371 vobis
955 2345 1040 2371 non
1061 2330 1185 2370 modo
1206 2329 1427 2370 ferendum
1448 2343 1597 2370 Verum
1627 2328 1755 2369 etiam

202 2466 322 2497 aemuli
344 2477 409 2497 non
430 2466 586 2507 ‘moles-iifl
633 2467 710 2498 This
725 2468 752 2498 is
768 2469 810 2499 all
826 2470 861 2499 to
877 2468 934 2499 the
980 2468 1091 2500 Cicero
1106 2469 1216 2500 makes
1238 2469 1295 2500 the
1311 2479 1435 2499 women
1457 2468 1515 2499 the
1533 2467 1707 2508 principals
1722 2467 1757 2498 in

158 2520 245 2541 same
261 2511 355 2540 effect
371 2521 405 2540 as
420 2510 509 2540 what
524 2510 564 2539 he
581 2511 638 2540 has
653 2511 769 2541 hinted
789 2512 822 2541 in
839 2522 865 2542 c.
882 2513 934 2542 33.
979 2512 1036 2542 the
1052 2514 1184 2543 matter.
1215 2513 1292 2542 This
1308 2513 1333 2542 is
1350 2512 1418 2542 said
1435 2511 1615 2547 ‘oratorie,'
1631 2522 1667 2541 or
1684 2515 1692 2528 ‘
1705 2521 1756 2541 ac-

158 2553 314 2584 Aeschrio
340 2553 404 2583 and
431 2553 585 2583 Docimus
611 2563 666 2583 are
696 2554 753 2584 the
779 2554 876 2584 rivals
903 2554 940 2584 of
980 2555 1162 2591 cusatorie‚'
1179 2566 1212 2585 as
1229 2555 1340 2586 Cicero
1355 2555 1538 2585 sometimes
1553 2556 1655 2584 terms
1669 2554 1708 2584 it.

159 2596 277 2627 Verres
292 2596 342 2626 for
357 2596 415 2626 the
430 2596 559 2626 favours
575 2596 613 2625 of
632 2596 712 2635 Pipa
735 2597 798 2626 and
814 2597 935 2633 Tertia,
1024 2598 1083 2627 Im
1101 2621 1107 2628 .
1126 2622 1132 2628 .
1149 2598 1334 2639 vectigalis]
1381 2598 1459 2628 This
1482 2597 1508 2627 is
1524 2597 1692 2636 explained
1713 2597 1758 2637 by

158 2640 221 2670 but
242 2639 339 2669 rivals
357 2639 429 2669 who
452 2639 508 2668 did
529 2641 587 2668 not
611 2639 685 2678 givc
707 2639 775 2668 him
798 2640 936 2670 trouble.
982 2650 1009 2670 c.
1033 2642 1093 2671 43:
1123 2645 1264 2671 “omnes
1289 2641 1426 2681 denique
1448 2650 1542 2680 agros
1565 2640 1760 2670 decumanos

161 2682 273 2713 Cicero
289 2683 471 2722 represents
487 2681 578 2712 them
594 2692 628 2711 as
644 2682 701 2712 the
717 2684 831 2721 agents
850 2682 936 2722 (cog-
981 2694 1038 2723 per
1054 2684 1232 2714 triennium
1248 2685 1365 2724 populo
1382 2684 1528 2713 Romano
1543 2693 1581 2712 ex
1596 2684 1690 2722 parte
1706 2682 1759 2712 de-

160 2725 296 2764 nitores)
329 2725 366 2755 of
391 2725 478 2755 their
507 2725 614 2760 inQS,
644 2724 694 2754 for
724 2725 851 2765 though
882 2725 939 2756 the
984 2736 1087 2762 cuma,
1106 2727 1140 2757 C.
1158 2727 1253 2757 Verri
1276 2738 1314 2757 ex
1338 2727 1425 2757 omni
1447 2726 1570 2765 reliquo
1585 2725 1761 2765 vectigales

160 2768 325 2797 hnsbands
340 2768 405 2798 had
416 2768 543 2807 bought
555 2767 612 2798 the
629 2771 638 2784 ‘
648 2767 824 2804 (lecunlae,'
836 2768 863 2798 it
875 2779 940 2798 was
984 2769 1114 2800 fuisse?
1160 2770 1249 2811 They
1272 2770 1348 2810 paid
1370 2769 1458 2800 their
1481 2772 1490 2785 ‘
1501 2768 1676 2804 decumae,’
1699 2768 1761 2797 but

161 2811 307 2850 through
330 2811 387 2841 the
411 2811 564 2841 interests
587 2811 624 2841 of
641 2810 729 2841 their
745 2811 841 2841 wives
864 2811 940 2842 that
984 2812 1059 2843 that
1076 2824 1139 2843 was
1155 2815 1213 2843 not
1229 2814 1282 2843 all.
1327 2813 1445 2844 Verres
1466 2811 1561 2842 made
1576 2811 1667 2842 them
1687 2810 1761 2851 give

161 2853 240 2894 they
256 2853 321 2884 had
343 2854 437 2885 made
459 2854 516 2885 the
531 2853 679 2894 bargain.
722 2854 941 2895 Accordingly
984 2855 1052 2886 him
1068 2866 1184 2898 money
1199 2858 1264 2887 too.
