1849 3167
458 118 586 161 ACT.
619 118 683 162 II.
715 117 903 160 LIBER
936 116 1216 164 QUINTUS.
1560 115 1641 158 581

37 233 245 291 Pachyni.
308 233 553 277 Cleomenes
584 238 738 284 autem,
767 232 882 289 quod
912 236 1003 274 erat
1037 236 1237 274 terrestre
1266 231 1527 288 praesidium
1556 245 1644 272 non

37 316 95 350 re,
119 301 192 342 sed
212 301 396 351 nomine,
431 301 619 356 speravit
650 300 703 341 iis
735 298 946 340 militibus
978 313 1082 353 quos
1114 314 1167 339 ex
1198 314 1245 339 eo
1275 299 1366 339 loco
1397 298 1643 339 deduxisset

38 366 209 421 explere
242 382 285 408 se
315 382 540 408 numerum
575 371 804 408 nautarum
839 370 882 406 et
913 364 1127 420 remigum
1161 380 1292 419 posse.
1354 364 1541 418 Reperta
1583 368 1646 404 est

38 432 185 473 eadem
205 432 328 473 istius
348 433 534 474 hominis
556 431 793 474 avarissimi
814 430 923 472 ratio
955 430 1002 471 in
1032 430 1253 485 praesidiis
1286 445 1393 485 quae
1423 430 1470 469 in
1503 428 1645 469 classi-

36 497 139 548 bus;
171 513 272 539 nam
303 503 424 539 erant
454 498 656 553 perpauci
687 497 853 552 reliqui,
884 496 1013 538 ceteri
1046 495 1222 537 dimissi.
1284 495 1490 549 Princeps
1525 494 1644 535 Cleo-

37 578 181 604 menes
202 563 248 604 in
269 563 530 619 quadriremi
552 562 832 617 Centuripina
851 561 1014 603 malum
1035 561 1158 617 erigi,
1182 560 1286 611 ‚vela
1318 560 1423 610 fieri,
1457 559 1646 614 praecidi

38 642 210 669 ancoras
231 628 471 684 imperavit,
494 634 536 670 et
564 628 691 669 simul
721 632 770 669 ut
802 642 845 669 se
878 627 1008 668 ceteri
1040 631 1317 683 sequerentur
1350 625 1524 681 signum
1551 624 1646 665 dari

33 693 174 749 jussit.
236 694 356 736 Haec
398 694 678 749 Centuripina
709 693 832 735 navis
865 699 956 734 erat
986 691 1228 733 incredibili
1263 691 1480 733 eeleritate
1514 689 1646 740 velis;

37 774 139 800 nam
170 759 275 801 scire
305 760 386 801 isto
421 765 614 815 praetore
640 773 765 800 nemo
794 762 961 814 poterat
996 757 1101 813 quid
1137 748 1329 812 quaeque
1364 756 1487 798 navis
1519 755 1647 796 remis

38 823 176 865 facere
197 830 360 879 posset3
393 825 472 866 etsi
492 824 539 865 in
558 825 638 866 hac
659 823 920 880 quadriremi
949 828 1124 878 propter
1152 822 1358 864 honorem
1388 826 1431 862 et
1462 820 1649 877 gratiam

39 889 276 932 Cleomenis
296 891 472 932 minime
493 891 620 932 multi
639 890 822 945 remiges
843 895 885 930 et
905 889 1063 930 milites
1084 888 1272 929 deerant.
1334 886 1539 928 Evolarat
1555 886 1648 942 jam

38 971 60 997 e
81 962 309 1012 conspectu
330 957 418 998 fere
439 957 608 1012 fugiens
630 955 912 1012 quadriremis
933 970 1066 1010 quum
1087 954 1216 995 etiam
1233 958 1324 994 tum
1342 958 1505 994 ceterae
1518 966 1647 993 naves

38 1037 124 1063 uno
153 1022 200 1063 in
230 1022 320 1064 loco
350 1023 647 1064 moliebantur.
709 1021 816 1062 Erat
849 1021 1015 1062 animus
1050 1020 1096 1061 in
1124 1019 1313 1075 reliquis.
1378 1018 1648 1073 Quamquam

38 1093 160 1129 erant
180 1089 317 1143 pauci,
340 1104 509 1144 quoquo
529 1088 654 1130 modo
684 1102 750 1128 res
772 1102 815 1128 se
836 1086 1033 1135 habebat,
1065 1100 1260 1141 pugnare
1288 1090 1432 1125 tamen
1467 1098 1509 1124 se
1537 1081 1648 1123 velle

39 1153 293 1205 clamabant,
317 1160 359 1196 et
380 1155 493 1210 quod
514 1154 726 1209 reliquum
747 1152 861 1194 vitae
882 1151 1123 1205 viriumque
1143 1150 1275 1191 fames
1292 1149 1461 1198 fecerat,
1480 1148 1525 1188 id
1538 1147 1649 1188 ferro

37 1219 305 1273 potissimum
325 1221 500 1261 reddere
520 1219 732 1260 volebant.
796 1218 920 1264 Quod
941 1217 976 1258 si
999 1216 1246 1257 Cleomenes
1274 1230 1360 1256 non
1393 1219 1515 1255 tanto
1548 1218 1648 1254 ante

38 1284 231 1339 fugisset,
265 1285 408 1340 aliqua
440 1290 584 1326 tamen
620 1285 674 1326 ad
706 1284 990 1325 resistendum
1026 1282 1135 1323 ratio
1169 1281 1330 1323 fuisset.
1392 1280 1499 1321 Erat
1531 1279 1647 1320 enim

38 1349 127 1391 sola
147 1350 223 1391 illa
242 1350 365 1391 navis
385 1355 599 1391 constrata
620 1354 662 1391 et
683 1349 745 1391 ita
767 1363 926 1404 magna
946 1353 994 1389 ut
1010 1346 1331 1403 propugnaculo
1345 1345 1495 1387 ceteris
1511 1350 1651 1400 posset

38 1430 139 1465 esse,
161 1431 270 1471 quae
291 1415 326 1457 si
358 1416 404 1457 in
427 1416 690 1471 praedonum
720 1429 868 1470 pugna
892 1418 1148 1463 versaretur,
1180 1412 1298 1454 urbis
1326 1412 1462 1453 instar
1491 1411 1648 1451 habere

38 1480 152 1522 inter
171 1481 266 1523 illos
293 1481 492 1537 piraticos
519 1495 799 1537 myoparones
830 1479 1076 1521 videretur:
1108 1479 1182 1520 sed
1214 1483 1307 1519 tum
1334 1477 1480 1532 inopes
1510 1475 1651 1517 relicti

39 1547 92 1587 ab
131 1547 237 1588 duce
270 1547 568 1603 praefectoque
609 1546 753 1588 classis
792 1545 976 1586 eundem
1014 1545 1251 1586 necessario
1291 1558 1462 1585 cursum
1502 1547 1647 1583 tenere

39 1617 280 1666 coeperunt.
341 1612 550 1653 Helorum
581 1627 726 1654 versus
747 1616 794 1652 ut
814 1611 904 1666 ipse
938 1610 1185 1652 Cleomenes
1218 1610 1279 1651 ita
1308 1609 1439 1651 ceteri
1468 1607 1648 1662 naviga·

39 1677 168 1727 bant3
200 1692 338 1733 neque
358 1677 406 1718 hi
426 1682 515 1718 tam
536 1677 798 1732 praedonum
818 1677 1024 1731 impetum
1057 1675 1280 1731 fugiebant
1311 1690 1439 1730 quam
1469 1674 1644 1727 impera-

40 1748 178 1784 torem
213 1742 511 1798 sequebantur.
572 1742 682 1783 Tum
717 1747 765 1783 ut
798 1742 976 1797 quisque
1009 1741 1055 1782 in
1091 1741 1195 1796 fuga
1230 1746 1480 1796 postremus,
1512 1737 1573 1778 ita
1603 1737 1650 1778 in

40 1807 228 1863 periculo
255 1807 451 1863 princeps
481 1812 597 1858 erat3
628 1812 886 1862 postremam
916 1807 1031 1848 enim
1061 1821 1273 1861 quamque
1301 1820 1454 1846 navem
1485 1803 1650 1858 piratae

40 1873 223 1928 primam
244 1873 557 1914 adoriebantur.
619 1872 690 1914 Ita
710 1872 849 1928 prima
869 1871 1210 1912 Haluntinorum
1231 1870 1352 1911 navis
1383 1869 1550 1924 eapitur
1580 1867 1649 1909 cui

40 1943 234 1994 praeerat
256 1938 535 1988 Haluntinus,
557 1938 684 1979 homo
705 1937 874 1986 nobilis,
898 1936 1179 1992 Phylarchus,
1204 1951 1329 1991 quem
1351 1936 1403 1976 ab
1425 1934 1511 1975 illis
1527 1948 1647 1988 prae-

38 2005 218 2046 donibus
240 2004 469 2045 Locrenses
494 2009 637 2059 postea
667 2003 836 2058 publice
864 2003 1162 2051 redemerunt3
1194 2016 1247 2043 ex
1281 2016 1364 2056 quo
1397 2015 1471 2041 vos
1504 1999 1646 2054 priore

40 2070 204 2111 actione
220 2070 364 2126 jurato
385 2085 473 2111 rem
495 2085 664 2111 omnem
693 2084 945 2124 causamque
977 2067 1204 2123 cognostis.
1267 2066 1434 2107 Deinde
1466 2064 1642 2120 Apollo-

40 2135 200 2177 niensis
220 2135 342 2177 navis
363 2135 528 2190 capitur
548 2140 590 2176 et
611 2135 700 2190 ejus
722 2134 958 2190 praefectus
979 2132 1279 2188 Anthropinus
1301 2131 1518 2173 occiditur.

99 2199 287 2242 XXXV.
321 2200 439 2242 Haec
470 2201 572 2241 dum
603 2206 804 2256 aguntur,
836 2200 999 2241 interea
1031 2198 1276 2240 Cleomenes
1302 2198 1393 2253 jam
1419 2197 1472 2238 ad
1495 2196 1647 2238 Helori

41 2265 163 2307 littus
192 2270 468 2322 pervenerat3
515 2266 607 2321 jam
646 2281 734 2307 sese
765 2266 810 2306 in
841 2270 1000 2306 terram
1031 2280 1053 2306 e
1083 2264 1185 2305 navi
1218 2264 1399 2319 ejecerat
1429 2263 1647 2318 quadrire-

42 2346 238 2387 memque
259 2331 536 2373 fluctuantem
557 2332 603 2372 in
623 2331 711 2372 salo
731 2331 969 2386 reliquerat.
1032 2329 1206 2385 Reliqui
1229 2328 1433 2384 praefecti
1457 2328 1647 2377 navium,

42 2413 175 2453 quum
204 2397 250 2438 in
280 2402 437 2438 terram
468 2397 699 2452 imperator
729 2397 897 2447 exisset,
939 2411 1071 2453 quum
1111 2394 1193 2450 ipsi
1230 2409 1368 2450 neque
1407 2408 1648 2449 repugnare

86 2529 332 2571 moliebantur]
373 2529 461 2570 They
478 2539 561 2559 were
585 2529 666 2569 busy
683 2528 716 2559 in
732 2528 823 2560 mak-
868 2529 975 2559 NVhen
992 2527 1143 2569 Agostini
1159 2538 1224 2558 was
1240 2527 1273 2557 in
1291 2527 1400 2567 Sicily,
1423 2526 1464 2557 he
1485 2537 1549 2557 saw
1573 2525 1649 2556 that

44 2574 102 2614 ing
117 2573 216 2613 ready
232 2573 282 2603 for
298 2573 405 2613 ssight,
422 2573 487 2602 und
502 2572 567 2602 had
588 2582 675 2603 some
695 2573 824 2604 trouble
869 2577 877 2589 ⁴
891 2572 1062 2609 Pelorum,’
1079 2571 1136 2603 the
1153 2570 1247 2601 MSS.
1265 2570 1411 2609 reading,
1425 2569 1519 2599 could
1535 2572 1591 2600 not
1609 2569 1649 2599 be

45 2618 146 2648 about
162 2617 200 2647 it·
868 2615 925 2646 the
949 2618 1022 2646 true
1045 2626 1116 2646 one.
1161 2614 1230 2645 The
1253 2624 1339 2644 sume
1367 2613 1505 2643 hlunder
1535 2622 1648 2641 occurs

89 2660 184 2690 navis
209 2658 398 2699 constrata]
447 2663 455 2676 ¹
466 2659 493 2688 A
511 2658 634 2689 ‹leckod
651 2658 774 2695 vossi—1?
790 2669 824 2690 as
869 2659 964 2690 twice
980 2659 1012 2689 in
1030 2659 1087 2690 the
1103 2660 1181 2690 next
1207 2657 1353 2697 chapter.
1399 2656 1476 2685 'l'his
1500 2655 1525 2684 is
1541 2665 1559 2685 a
1576 2665 1647 2685 ease

46 2714 180 2744 appears
196 2703 279 2732 from
296 2713 323 2732 e.
340 2704 392 2732 40.
439 2706 446 2718 ‘
459 2702 560 2732 Navis
585 2704 753 2732 constrata
765 2701 772 2714 ’
798 2702 824 2732 is
870 2702 974 2733 which
986 2702 1140 2734 criticism
1155 2711 1214 2731 eun
1225 2700 1323 2740 sufely
1338 2699 1409 2729 deul
1420 2698 1512 2728 with.
1543 2698 1648 2730 There

46 2746 185 2787 opposed
201 2748 236 2776 to
253 2745 362 2775 ‘navis
378 2746 513 2786 aperta?
553 2745 587 2776 It
603 2745 629 2775 is
646 2745 702 2776 the
719 2745 824 2777 Greek
869 2745 896 2776 is
912 2745 969 2777 the
984 2756 1071 2776 same
1087 2743 1226 2775 inistnke
1243 2743 1276 2773 in
1295 2742 1365 2772 Lib.
1382 2744 1412 2775 ιι,
1426 2752 1452 2772 e.
1471 2742 1522 2779 26,
1540 2741 1573 2771 in
1590 2741 1647 2772 the

46 2790 136 2821 word
153 2787 387 2828 κατάφρακτος.
871 2799 963 2820 name
981 2794 989 2806 ‘
1004 2788 1138 2826 Helori,'
1156 2787 1263 2821 where
1279 2785 1336 2818 the
1358 2785 1453 2816 Mss.
1470 2785 1552 2819 have
1569 2790 1576 2802 ‘
1590 2785 1648 2817 Ρο-

91 2831 269 2872 Helorum]
317 2832 394 2862 This
418 2832 444 2862 is
460 2842 479 2862 a
494 2831 679 2872 conjecture
701 2831 738 2862 of
757 2832 823 2862 An-
868 2832 948 2866 lori.'

47 2876 138 2909 tonio
153 2875 316 2916 Agostini,
333 2875 594 2908 communicated
605 2877 641 2906 to
653 2874 690 2906 F.
702 2874 824 2910 Ursini.
