1849 3167
563 128 691 171 ACT.
724 128 788 170 Π.
819 127 1008 170 LIBER
1037 126 1307 171 TERTIUS.
1659 132 1744 173 363

134 257 227 284 rem
247 242 296 283 L.
319 241 486 283 Metelli
506 242 798 284 testimonium
819 242 1032 298 requirit?
1062 242 1213 284 Nemo.
1265 243 1385 285 Num
1405 243 1500 298 quis
1520 245 1709 300 postulat
1725 246 1745 286 Ρ

134 309 236 349 Non
257 307 419 363 opinor.
482 308 609 358 Quid,
634 308 669 350 si
698 308 941 350 testimonio
961 308 1011 349 L.
1035 308 1203 349 Metelli
1232 324 1280 350 ac
1307 309 1442 350 literis
1470 310 1573 351 haec
1602 311 1745 351 omnia

134 389 235 415 vera
265 389 353 414 esse
383 374 552 423 docebo,
586 374 690 429 quid
719 374 903 416 dicetis?
941 378 1088 414 utrum
1118 373 1346 415 Metellum
1376 374 1531 416 falsum
1561 377 1744 417 scribere

134 454 191 480 an
218 439 402 479 amicum
428 439 625 480 laedendi
650 455 737 481 esse
764 439 1001 495 cupidum?
1032 454 1087 480 an
1116 445 1356 494 praetorem
1386 441 1744 495 quemadmodum

133 503 354 559 provincia
387 503 543 545 afflicta.
578 504 633 546 sit
665 504 860 546 nescire?
919 504 1071 545 Recita
1101 504 1247 546 literas
1278 505 1327 546 L.
1358 505 1525 546 Metelli
1555 521 1660 561 quas
1691 507 1745 547 ad

135 568 213 609 Cn.
248 569 501 623 Pompeium
534 575 576 611 et
608 570 668 611 M.
704 569 902 611 Crassum
933 569 1136 619 consules,
1170 585 1274 626 quas
1305 572 1360 612 ad
1390 571 1450 612 M.
1485 571 1745 612 Mummium

132 640 385 689 praetorem,
408 650 513 690 quas
544 636 598 676 ad
619 641 860 690 quaestores
890 635 1008 676 urbis
1031 635 1161 676 misit.
1223 649 1432 677 EPISTOLA
1462 650 1500 677 L.
1534 650 1741 677 METELLI.

135 704 147 720 ‘
161 699 371 740 Decumas
392 700 598 741 frumenti
618 701 713 755 lege
734 700 966 741 Hieronica
986 700 1190 741 vendidi.'
1253 701 1396 747 Quum
1417 701 1566 743 scribit
1585 717 1628 743 se
1649 701 1744 757 lege

133 764 366 806 Hieronica
400 766 653 816 vendidisse,
689 766 792 821 quid
833 765 1014 807 scribit?
1055 766 1117 807 ita
1157 781 1200 807 se
1235 766 1478 808 vendidisse
1513 772 1562 808 ut
1597 782 1744 808 omnes

132 836 302 885 praeter
323 831 515 871 Verrem.
579 830 722 876 Quum
743 830 890 871 scribit
921 846 963 871 se.
993 830 1088 885 lege
1110 830 1342 872 Hieronica
1363 832 1616 881 vendidisse,
1640 832 1745 887 quid

131 896 314 937 scribit?
345 911 387 937 se
408 911 484 950 per
514 895 644 937 istum
663 901 808 951 erepta
830 895 983 936 Siculis
1012 896 1223 951 majorum
1252 903 1494 938 nostrorum
1523 897 1741 947 beneficia,

126 961 200 1017 jus
220 961 420 1016 ipsorum,
445 961 731 1010 conditionem
751 961 974 1010 societatis,
993 961 1218 1011 amicitiae,
1242 962 1472 1012 foederum,
1494 962 1740 1003 reddidisse.

133 1027 251 1068 Dicit
271 1028 422 1082 quanti
439 1028 642 1083 cujusque
658 1027 753 1082 agri
769 1028 967 1068 decumas
982 1027 1223 1068 vendiderit
1240 1042 1248 1068 z
1272 1027 1425 1068 deinde
1442 1027 1545 1082 quid
1562 1027 1709 1069 scribit
1723 1027 1743 1068 P

133 1096 145 1114 ⁴
159 1092 333 1133 Summa.
349 1093 392 1134 vi
406 1093 504 1133 data
517 1098 580 1134 est
596 1108 619 1133 a
635 1107 703 1133 me
719 1107 846 1147 opera
861 1098 909 1132 ut
925 1107 1054 1147 quam
1069 1092 1254 1146 plurimo
1268 1093 1466 1133 decumas
1481 1093 1740 1133 venderem?

132 1157 220 1198 Cur
250 1158 397 1213 igitur,
420 1158 606 1207 Metelle,
629 1173 717 1199 non
746 1158 808 1198 ita
837 1172 995 1212 magno
1017 1157 1282 1198 vendidisti?
1312 1157 1413 1212 quia
1441 1158 1627 1198 desertas
1649 1173 1740 1199 ara-

131 1223 280 1272 tiones,
312 1223 460 1264 inanes
490 1238 625 1278 agros,
658 1223 924 1278 provinciam
959 1223 1159 1264 miseram
1188 1222 1484 1277 perditamque
1515 1222 1739 1264 offendisti.

132 1288 248 1334 Quid
277 1289 322 1329 id
352 1289 493 1343 ipsum
522 1289 636 1344 quod
666 1294 805 1330 satum
836 1293 912 1338 est,
936 1303 1020 1343 qua
1050 1287 1214 1329 ratione
1235 1287 1460 1342 quisquam
1491 1287 1567 1343 qui
1587 1294 1743 1329 sereret

129 1354 331 1395 inventus
352 1355 450 1395 est?
509 1353 672 1395 Recita.
735 1354 902 1395 Literas
923 1354 984 1395 ait
1005 1369 1048 1395 se
1068 1353 1232 1394 misisse
1253 1358 1295 1394 et
1316 1352 1599 1402 confirmasse,
1622 1369 1742 1395 suam

129 1435 174 1461 se
214 1419 512 1474 interposuisse
553 1419 878 1461 auctoritatem:
926 1419 1223 1461 tantummodo
1264 1418 1501 1460 aratoribus
1541 1418 1742 1460 Metellus

130 1485 294 1526 obsides
329 1500 416 1526 non
448 1485 566 1526 dedit
598 1501 642 1527 se
673 1486 720 1526 in
759 1485 879 1527 nulla
918 1500 963 1527 re
999 1484 1128 1526 Verri
1169 1484 1353 1526 similem
1392 1484 1599 1525 futurum.
1680 1484 1742 1526 At

127 1550 236 1605 quid
255 1555 318 1592 est
340 1551 513 1592 tandem
539 1550 585 1591 in
609 1566 693 1606 quo
715 1566 758 1592 se
778 1551 988 1592 laborasse
1010 1550 1115 1591 dicit
1129 1550 1149 1591 ⁶?
1209 1549 1372 1591 Recita.
1437 1554 1447 1571 ‘
1461 1550 1523 1591 Ut
1555 1555 1741 1592 aratores

128 1615 205 1670 qui
237 1615 392 1670 reliqui
423 1621 545 1657 erant
576 1616 940 1672 quamplurimum
964 1615 1180 1657 sercrent.'
1244 1614 1329 1661 Qui
1367 1614 1599 1670 ‘reliqui?’
1637 1615 1741 1670 quid

129 1681 210 1722 hoc
240 1686 304 1722 est
336 1681 566 1736 ‘reliquiP'
599 1696 682 1737 quo
712 1697 766 1722 ex
795 1681 939 1722 bello?
970 1697 1054 1737 qua
1075 1696 1129 1722 ex
1150 1680 1386 1722 vastitate?
1448 1679 1669 1725 Quaenam
1693 1680 1739 1720 in

128 1745 276 1787 Sicilia
305 1751 426 1787 tanta
456 1746 608 1796 clades,
631 1751 704 1787 aut
731 1746 845 1801 quod
868 1746 1030 1787 bellum
1054 1753 1144 1787 tam
1168 1746 1432 1793 diuturnum,
1456 1750 1546 1785 tam
1567 1744 1738 1785 calami-

129 1817 269 1853 tosum
300 1820 342 1852 te
371 1816 564 1867 praetore
584 1817 800 1852 versatum
831 1816 894 1852 est
918 1816 966 1852 ut
997 1811 1033 1852 is
1063 1811 1137 1866 qui
1167 1810 1247 1852 tibi
1278 1809 1523 1851 successerit
1554 1809 1740 1864 reliquos

129 1883 318 1920 aratores
339 1878 557 1933 collegisse
578 1883 620 1918 et
641 1892 848 1918 recreasse
870 1876 1066 1917 videatur
1081 1877 1101 1917 i>

187 1943 307 1985 LIV.
347 1943 489 1989 Quum
519 1942 640 1984 bellis
662 1941 1088 1997 Carthaginiensibus
1113 1939 1259 1981 Sicilia
1289 1944 1443 1980 vexata
1474 1944 1549 1987 est,
1572 1944 1614 1980 et
1644 1946 1739 1994 post

129 2015 275 2051 nostra
294 2016 548 2064 patrumque
570 2007 773 2048 memoria
794 2022 926 2062 quum
946 2007 1011 2048 bis
1036 2006 1082 2047 in
1106 2021 1155 2046 ea
1181 2004 1401 2060 provincia.
1422 2019 1604 2058 magnae
1626 2004 1737 2058 fugi-

129 2075 317 2116 tivorum
337 2074 480 2129 copiae
502 2079 692 2114 versatae
720 2078 831 2121 suut,
855 2077 998 2113 tamen
1029 2078 1244 2112 aratorum
1275 2068 1464 2110 interitio
1487 2069 1597 2110 fucta
1619 2069 1738 2110 nulla

127 2145 205 2181 est.
278 2139 388 2181 Tum
423 2138 603 2181 sementi
642 2137 858 2193 prohibita
899 2143 972 2178 aut
1012 2151 1145 2177 messe
1186 2135 1338 2176 amissa
1374 2134 1538 2176 fructus
1571 2150 1738 2176 annuus

128 2205 357 2256 interibat;
394 2211 538 2246 tamen
570 2203 795 2246 incolumis
835 2217 1037 2243 numerus
1071 2201 1270 2242 manebat
1305 2200 1574 2242 dominorum
1610 2205 1737 2255 atque

173 2305 226 2335 53.
251 2305 441 2344 quaestores
462 2302 571 2343 urhis]
619 2302 833 2340 ‘Quaestoros
856 2311 909 2331 ur·
954 2300 991 2330 of
1009 2300 1066 2330 tho
1089 2302 1154 2330 two
1170 2299 1268 2329 forms
1292 2299 1318 2329 is
1334 2302 1390 2329 not
1408 2299 1466 2329 the
1482 2309 1578 2329 sume.
1625 2298 1738 2329 Cicero

128 2347 248 2378 banos'
274 2347 383 2383 Klotz,
408 2346 514 2377 which
542 2345 574 2375 N
599 2346 673 2386 only
699 2345 766 2379 has,
789 2345 849 2374 but
876 2344 910 2374 in
955 2343 1038 2379 asks,
1061 2343 1183 2373 ‘What
1205 2343 1230 2373 is
1247 2343 1322 2373 that
1339 2342 1371 2372 in
1388 2342 1493 2372 which
1511 2342 1550 2372 he
1567 2352 1638 2383 says
1662 2342 1737 2372 that

130 2391 188 2421 the
204 2390 343 2421 unusual
359 2390 465 2426 order,
483 2389 643 2419 ‘urbanos
659 2387 867 2428 quaestores)
956 2387 996 2417 he
1018 2387 1096 2417 used
1119 2386 1168 2416 his
1189 2386 1433 2416 emleau·011rs?'
1481 2387 1607 2426 (Comp.
1630 2390 1637 2402 ‘
1650 2385 1736 2415 laho-

175 2432 415 2474 tantummodo]
473 2432 551 2463 This
578 2432 603 2462 is
634 2431 690 2462 the
714 2430 850 2469 reading
879 2430 917 2460 of
956 2430 1060 2465 ratis:
1088 2440 1115 2460 e.
1143 2429 1209 2470 55.)
1267 2429 1335 2460 The
1366 2429 1462 2460 other
1493 2429 1599 2459 would
1630 2438 1736 2464 mean,

131 2475 192 2517 Lg.
219 2478 261 2507 42
290 2476 376 2517 only,
405 2475 510 2506 which
542 2475 673 2514 Zumpt,
706 2473 815 2508 Klotz,
847 2473 910 2504 und
957 2473 1081 2503 ‘What
1112 2473 1137 2502 is
1168 2473 1261 2503 there
1291 2473 1324 2502 in
1356 2472 1462 2502 whieh
1494 2472 1534 2502 he
1564 2482 1636 2512 says
1661 2471 1735 2501 thnt

132 2519 252 2550 Iordan
276 2519 359 2549 have
374 2518 550 2559 preferred,
567 2518 631 2548 and
652 2516 843 2557 apparently
863 2517 911 2546 sor
955 2516 1018 2553 he,’
1044 2516 1126 2547 &cul-³
1175 2516 1215 2547 ln
1241 2515 1350 2546 Divin.
1377 2526 1405 2546 c.
1433 2517 1463 2552 3,
1490 2526 1538 2545 we
1563 2515 1644 2545 have
1671 2515 1736 2544 this

130 2562 214 2602 good
245 2573 383 2592 reasons.
443 2562 511 2592 The
541 2571 689 2590 common
721 2559 855 2598 reading
885 2559 911 2589 is
955 2560 1050 2596 form,
1071 2563 1091 2576 “
1104 2559 1181 2599 qnid
1197 2562 1246 2590 est
1264 2582 1271 2590 .
1290 2582 1296 2589 .
1315 2559 1347 2589 in
1367 2569 1430 2599 quo
1451 2569 1511 2598 ego
1527 2559 1572 2588 rei
1590 2558 1736 2598 puhlieue

131 2607 283 2636 ‘tantum
305 2605 391 2645 quod
414 2603 620 2638 aratoribus:
637 2604 692 2633 Sc.
741 2603 772 2633 lt
794 2603 819 2632 is
835 2606 910 2634 true
954 2603 1026 2643 plus
1047 2603 1107 2633 hoc
1124 2606 1269 2643 tempore
1289 2601 1437 2642 prodesse
1459 2601 1631 2642 1n›ssiiii?‘'
1678 2602 1737 2631 See

130 2648 207 2679 that
224 2651 375 2678 ‘tuntum
393 2647 478 2688 quod
495 2671 502 2677 .
521 2670 528 2677 .
545 2657 608 2676 non
624 2646 631 2659 '
653 2656 765 2676 occurs
787 2646 819 2676 in
838 2646 909 2676 Lib.
955 2646 1028 2677 Lib.
1044 2648 1074 2676 4.
1092 2656 1119 2676 c.
1137 2648 1189 2681 20,
1204 2649 1280 2676 note
1297 2655 1337 2675 on
1355 2645 1453 2685 ‘quid
1469 2648 1539 2675 erut
1557 2644 1662 2684 qnod'
1680 2645 1736 2674 ἃς.

131 2693 161 2723 1.
179 2702 205 2721 e.
223 2693 275 2727 45,
288 2691 349 2721 hut
365 2691 391 2721 it
409 2691 434 2721 is
450 2693 507 2720 not
524 2690 601 2719 used
618 2689 650 2719 in
667 2689 724 2719 the
740 2700 827 2719 smne
840 2699 908 2729 way
998 2691 1050 2720 54.
1081 2689 1231 2729 semenlij
1280 2693 1287 2705 ‘
1302 2688 1446 2718 sementi
1459 2688 1466 2700 ’
1495 2687 1520 2717 is
1547 2687 1579 2717 in
1610 2687 1669 2725 Lg.
1695 2688 1736 2717 42

129 2735 206 2765 that
232 2737 383 2764 ‘tantum
407 2733 512 2774 quod'
540 2736 628 2763 must
650 2732 689 2763 be
713 2732 910 2763 understood
954 2733 1052 2773 only:
1092 2733 1149 2763 the
1179 2732 1274 2762 other
1306 2731 1400 2761 MSS.
1433 2731 1514 2761 have
1551 2730 1735 2760 ‘senmurum'

129 2778 217 2809 here.
954 2776 1023 2806 The
1050 2776 1132 2806 form
1159 2774 1340 2810 ‘senienti,’
1373 2774 1492 2814 Zumpt
1519 2773 1678 2807 observes,
1710 2772 1736 2801 is

174 2820 345 2851 lahorasse
379 2819 459 2849 dicit
473 2818 503 2860 ἶ]
566 2822 575 2836 ‘
588 2819 764 2849 Labornsse
799 2818 887 2849 dicat
901 2818 909 2831 '
954 2819 1033 2850 used
1049 2819 1082 2849 in
1099 2818 1287 2849 Columella.
1333 2817 1460 2853 Caesar,
1480 2817 1517 2847 Β.
1535 2817 1574 2847 G.
1591 2816 1611 2846 i.
1629 2818 1660 2852 3,
1679 2815 1736 2845 hus

130 2863 242 2895 Orelli.
288 2863 349 2904 Lg.
367 2865 408 2894 *12
424 2863 481 2893 has
505 2868 512 2880 ‘
526 2862 629 2893 dicit!
674 2862 742 2893 'rho
758 2862 911 2903 meaning
954 2862 1012 2893 the
1028 2862 1133 2903 plural
1151 2866 1159 2878 ‘
1170 2861 1352 2892 smnentcsl
