<?xml version="1.0" encoding="UTF-8"?>
<!DOCTYPE html PUBLIC "-//W3C//DTD XHTML 1.0 Transitional//EN"
    "http://www.w3.org/TR/xhtml1/DTD/xhtml1-transitional.dtd">
<html xmlns="http://www.w3.org/1999/xhtml" xml:lang="en" lang="en">
 <head>
  <title>
</title>
<meta http-equiv="Content-Type" content="text/html;charset=utf-8" />
  <meta name='ocr-system' content='tesseract 3.04.00' />
  <meta name='ocr-capabilities' content='ocr_page ocr_carea ocr_par ocr_line ocrx_word'/>
</head>
<body>
  <div class='ocr_page' id='page_1' title='image "./orationeswithcom01ciceuoft_0591.png"; bbox 0 0 1849 3167; ppageno 0'>
   <div class='ocr_carea' id='block_1_1' title="bbox 552 112 1736 161">
    <p class='ocr_par' dir='ltr' id='par_1_1' title="bbox 552 112 1736 161">
     <span class='ocr_line' id='line_1_1' title="bbox 552 112 1736 161; baseline 0.005 -6"><span class='ocrx_word' id='word_1_1' title='bbox 552 113 679 156; x_wconf 82' lang='lat' dir='ltr'>AOT.</span> <span class='ocrx_word' id='word_1_2' title='bbox 711 113 776 155; x_wconf 90' lang='lat' dir='ltr'>II.</span> <span class='ocrx_word' id='word_1_3' title='bbox 808 112 995 155; x_wconf 86' lang='lat' dir='ltr'>LIBER</span> <span class='ocrx_word' id='word_1_4' title='bbox 1026 113 1304 160; x_wconf 81' lang='lat' dir='ltr'>QUINTUS.</span> <span class='ocrx_word' id='word_1_5' title='bbox 1653 119 1736 161; x_wconf 85' lang='lat'>573</span> 
     </span>
    </p>
   </div>
   <div class='ocr_carea' id='block_1_2' title="bbox 119 227 1734 2114">
    <p class='ocr_par' dir='ltr' id='par_1_2' title="bbox 122 227 1734 1393">
     <span class='ocr_line' id='line_1_2' title="bbox 138 227 1734 284; baseline 0.004 -16"><span class='ocrx_word' id='word_1_6' title='bbox 138 240 243 282; x_wconf 89' lang='lat' dir='ltr'>quos</span> <span class='ocrx_word' id='word_1_7' title='bbox 281 227 327 268; x_wconf 91' lang='lat' dir='ltr'>in</span> <span class='ocrx_word' id='word_1_8' title='bbox 367 243 578 270; x_wconf 85' lang='lat' dir='ltr'>carcerem</span> <span class='ocrx_word' id='word_1_9' title='bbox 617 232 742 270; x_wconf 86' lang='lat' dir='ltr'>antea</span> <span class='ocrx_word' id='word_1_10' title='bbox 781 227 1044 284; x_wconf 89' lang='lat' dir='ltr'>conjecerat:</span> <span class='ocrx_word' id='word_1_11' title='bbox 1097 244 1278 284; x_wconf 89' lang='lat' dir='ltr'>quorum</span> <span class='ocrx_word' id='word_1_12' title='bbox 1317 230 1421 272; x_wconf 88' lang='lat' dir='ltr'>alios</span> <span class='ocrx_word' id='word_1_13' title='bbox 1470 231 1734 274; x_wconf 80' lang='lat' dir='ltr'>Sertorianos</span> 
     </span>
     <span class='ocr_line' id='line_1_3' title="bbox 137 292 1732 349; baseline 0.004 -16"><span class='ocrx_word' id='word_1_14' title='bbox 137 292 294 334; x_wconf 86' lang='lat' dir='ltr'>milites</span> <span class='ocrx_word' id='word_1_15' title='bbox 325 293 452 335; x_wconf 88' lang='lat' dir='ltr'>fuisse</span> <span class='ocrx_word' id='word_1_16' title='bbox 482 293 756 335; x_wconf 86' lang='lat' dir='ltr'>insimulabat</span> <span class='ocrx_word' id='word_1_17' title='bbox 785 298 827 334; x_wconf 89' lang='lat' dir='ltr'>et</span> <span class='ocrx_word' id='word_1_18' title='bbox 857 309 910 334; x_wconf 85' lang='lat' dir='ltr'>ex</span> <span class='ocrx_word' id='word_1_19' title='bbox 944 293 1156 348; x_wconf 87' lang='lat' dir='ltr'>Hispania</span> <span class='ocrx_word' id='word_1_20' title='bbox 1196 294 1410 349; x_wconf 86' lang='lat' dir='ltr'>fugientes</span> <span class='ocrx_word' id='word_1_21' title='bbox 1450 297 1504 338; x_wconf 89' lang='lat' dir='ltr'>ad</span> <span class='ocrx_word' id='word_1_22' title='bbox 1543 296 1732 339; x_wconf 81' lang='lat' dir='ltr'>Siciliam</span> 
     </span>
     <span class='ocr_line' id='line_1_4' title="bbox 136 358 1732 418; baseline 0.004 -19"><span class='ocrx_word' id='word_1_23' title='bbox 136 358 332 413; x_wconf 84' lang='lat' dir='ltr'>appulsos</span> <span class='ocrx_word' id='word_1_24' title='bbox 363 374 449 400; x_wconf 88' lang='lat' dir='ltr'>esse</span> <span class='ocrx_word' id='word_1_25' title='bbox 480 359 669 400; x_wconf 86' lang='lat' dir='ltr'>dicebat:</span> <span class='ocrx_word' id='word_1_26' title='bbox 702 359 806 400; x_wconf 88' lang='lat' dir='ltr'>alios</span> <span class='ocrx_word' id='word_1_27' title='bbox 836 359 910 414; x_wconf 91' lang='lat' dir='ltr'>qui</span> <span class='ocrx_word' id='word_1_28' title='bbox 940 375 965 400; x_wconf 89' lang='lat' dir='ltr'>a</span> <span class='ocrx_word' id='word_1_29' title='bbox 994 359 1277 414; x_wconf 87' lang='lat' dir='ltr'>praedonibus</span> <span class='ocrx_word' id='word_1_30' title='bbox 1308 367 1429 402; x_wconf 88' lang='lat' dir='ltr'>erant</span> <span class='ocrx_word' id='word_1_31' title='bbox 1451 363 1576 417; x_wconf 86' lang='lat' dir='ltr'>capti,</span> <span class='ocrx_word' id='word_1_32' title='bbox 1600 379 1732 418; x_wconf 92' lang='lat' dir='ltr'>quum</span> 
     </span>
     <span class='ocr_line' id='line_1_5' title="bbox 134 424 1730 480; baseline 0.003 -16"><span class='ocrx_word' id='word_1_33' title='bbox 134 429 392 465; x_wconf 83' lang='lat' dir='ltr'>mercaturas</span> <span class='ocrx_word' id='word_1_34' title='bbox 413 425 601 465; x_wconf 86' lang='lat' dir='ltr'>facerent</span> <span class='ocrx_word' id='word_1_35' title='bbox 621 430 695 465; x_wconf 90' lang='lat' dir='ltr'>aut</span> <span class='ocrx_word' id='word_1_36' title='bbox 715 424 902 479; x_wconf 84' lang='lat' dir='ltr'>aliquam</span> <span class='ocrx_word' id='word_1_37' title='bbox 922 425 975 466; x_wconf 94' lang='lat' dir='ltr'>ob</span> <span class='ocrx_word' id='word_1_38' title='bbox 996 440 1164 466; x_wconf 88' lang='lat' dir='ltr'>causam</span> <span class='ocrx_word' id='word_1_39' title='bbox 1184 425 1452 480; x_wconf 86' lang='lat' dir='ltr'>navigarent,</span> <span class='ocrx_word' id='word_1_40' title='bbox 1475 443 1549 468; x_wconf 83' lang='lat' dir='ltr'>sua</span> <span class='ocrx_word' id='word_1_41' title='bbox 1579 429 1730 469; x_wconf 82' lang='lat' dir='ltr'>volun-</span> 
     </span>
     <span class='ocr_line' id='line_1_6' title="bbox 134 489 1730 545; baseline 0.004 -16"><span class='ocrx_word' id='word_1_42' title='bbox 134 493 222 530; x_wconf 89' lang='lat' dir='ltr'>tate</span> <span class='ocrx_word' id='word_1_43' title='bbox 258 504 354 530; x_wconf 90' lang='lat' dir='ltr'>cum</span> <span class='ocrx_word' id='word_1_44' title='bbox 388 490 538 544; x_wconf 88' lang='lat' dir='ltr'>piratis</span> <span class='ocrx_word' id='word_1_45' title='bbox 570 489 698 531; x_wconf 86' lang='lat' dir='ltr'>fuisse</span> <span class='ocrx_word' id='word_1_46' title='bbox 731 490 947 544; x_wconf 87' lang='lat' dir='ltr'>arguebat.</span> <span class='ocrx_word' id='word_1_47' title='bbox 1010 489 1164 545; x_wconf 90' lang='lat' dir='ltr'>Itaque</span> <span class='ocrx_word' id='word_1_48' title='bbox 1204 490 1278 531; x_wconf 87' lang='lat' dir='ltr'>alii</span> <span class='ocrx_word' id='word_1_49' title='bbox 1313 491 1426 532; x_wconf 84' lang='lat' dir='ltr'>cives</span> <span class='ocrx_word' id='word_1_50' title='bbox 1458 491 1643 534; x_wconf 88' lang='lat' dir='ltr'>Romani</span> <span class='ocrx_word' id='word_1_51' title='bbox 1676 510 1730 536; x_wconf 91' lang='lat' dir='ltr'>ne</span> 
     </span>
     <span class='ocr_line' id='line_1_7' title="bbox 134 554 1732 613; baseline 0.003 -18"><span class='ocrx_word' id='word_1_52' title='bbox 134 560 489 609; x_wconf 81' lang='lat' dir='ltr'>cognoscerentur</span> <span class='ocrx_word' id='word_1_53' title='bbox 518 555 728 609; x_wconf 80' lang='lat' dir='ltr'><strong>capitibus</strong></span> <span class='ocrx_word' id='word_1_54' title='bbox 768 554 979 596; x_wconf 86' lang='lat' dir='ltr'>obvolutis</span> <span class='ocrx_word' id='word_1_55' title='bbox 1009 571 1032 596; x_wconf 92' lang='lat' dir='ltr'>e</span> <span class='ocrx_word' id='word_1_56' title='bbox 1062 570 1227 597; x_wconf 86' lang='lat' dir='ltr'>carcere</span> <span class='ocrx_word' id='word_1_57' title='bbox 1258 556 1313 597; x_wconf 86' lang='lat' dir='ltr'>ad</span> <span class='ocrx_word' id='word_1_58' title='bbox 1342 557 1489 611; x_wconf 87' lang='lat' dir='ltr'>palum</span> <span class='ocrx_word' id='word_1_59' title='bbox 1519 564 1646 613; x_wconf 85' lang='lat' dir='ltr'>atque</span> <span class='ocrx_word' id='word_1_60' title='bbox 1677 561 1732 601; x_wconf 89' lang='lat' dir='ltr'>ad</span> 
     </span>
     <span class='ocr_line' id='line_1_8' title="bbox 131 619 1731 678; baseline 0.003 -18"><span class='ocrx_word' id='word_1_61' title='bbox 131 633 277 660; x_wconf 86' lang='lat' dir='ltr'>necem</span> <span class='ocrx_word' id='word_1_62' title='bbox 298 620 595 674; x_wconf 87' lang='lat' dir='ltr'>rapiebantur:</span> <span class='ocrx_word' id='word_1_63' title='bbox 628 619 713 670; x_wconf 87' lang='lat' dir='ltr'>alii,</span> <span class='ocrx_word' id='word_1_64' title='bbox 736 635 866 675; x_wconf 91' lang='lat' dir='ltr'>quum</span> <span class='ocrx_word' id='word_1_65' title='bbox 888 635 913 661; x_wconf 88' lang='lat' dir='ltr'>a</span> <span class='ocrx_word' id='word_1_66' title='bbox 932 620 1079 661; x_wconf 85' lang='lat' dir='ltr'>multis</span> <span class='ocrx_word' id='word_1_67' title='bbox 1100 620 1263 662; x_wconf 88' lang='lat' dir='ltr'>civibus</span> <span class='ocrx_word' id='word_1_68' title='bbox 1284 621 1489 663; x_wconf 85' lang='lat' dir='ltr'>Romanis</span> <span class='ocrx_word' id='word_1_69' title='bbox 1510 637 1731 678; x_wconf 87' lang='lat' dir='ltr'>cognosce-</span> 
     </span>
     <span class='ocr_line' id='line_1_9' title="bbox 130 685 1730 745; baseline 0.004 -21"><span class='ocrx_word' id='word_1_70' title='bbox 130 689 290 734; x_wconf 80' lang='lat' dir='ltr'>rentur,</span> <span class='ocrx_word' id='word_1_71' title='bbox 313 686 366 726; x_wconf 90' lang='lat' dir='ltr'>ab</span> <span class='ocrx_word' id='word_1_72' title='bbox 386 685 581 727; x_wconf 88' lang='lat' dir='ltr'>omnibus</span> <span class='ocrx_word' id='word_1_73' title='bbox 601 685 940 735; x_wconf 81' lang='lat' dir='ltr'>defenderentur,</span> <span class='ocrx_word' id='word_1_74' title='bbox 958 686 1094 726; x_wconf 88' lang='lat' dir='ltr'>securi</span> <span class='ocrx_word' id='word_1_75' title='bbox 1114 686 1387 728; x_wconf 84' lang='lat' dir='ltr'>feriebantur.</span> <span class='ocrx_word' id='word_1_76' title='bbox 1441 687 1631 733; x_wconf 80' lang='lat' dir='ltr'>Quorum</span> <span class='ocrx_word' id='word_1_77' title='bbox 1652 705 1730 745; x_wconf 81' lang='lat' dir='ltr'>ego</span> 
     </span>
     <span class='ocr_line' id='line_1_10' title="bbox 130 748 1730 808; baseline 0.003 -18"><span class='ocrx_word' id='word_1_78' title='bbox 130 748 182 789; x_wconf 90' lang='lat' dir='ltr'>de</span> <span class='ocrx_word' id='word_1_79' title='bbox 213 750 480 791; x_wconf 86' lang='lat' dir='ltr'>acerbissima</span> <span class='ocrx_word' id='word_1_80' title='bbox 508 755 644 791; x_wconf 91' lang='lat' dir='ltr'>morte</span> <span class='ocrx_word' id='word_1_81' title='bbox 674 750 1045 806; x_wconf 90' lang='lat' dir='ltr'>crudelissimoque</span> <span class='ocrx_word' id='word_1_82' title='bbox 1076 751 1266 792; x_wconf 90' lang='lat' dir='ltr'>cruciatu</span> <span class='ocrx_word' id='word_1_83' title='bbox 1295 752 1447 802; x_wconf 89' lang='lat' dir='ltr'>dicam,</span> <span class='ocrx_word' id='word_1_84' title='bbox 1479 768 1612 808; x_wconf 91' lang='lat' dir='ltr'>quum</span> <span class='ocrx_word' id='word_1_85' title='bbox 1633 770 1730 796; x_wconf 91' lang='lat' dir='ltr'>eum</span> 
     </span>
     <span class='ocr_line' id='line_1_11' title="bbox 128 813 1727 874; baseline 0.004 -19"><span class='ocrx_word' id='word_1_86' title='bbox 128 813 268 856; x_wconf 89' lang='lat' dir='ltr'>locum</span> <span class='ocrx_word' id='word_1_87' title='bbox 288 821 470 856; x_wconf 88' lang='lat' dir='ltr'>tractare</span> <span class='ocrx_word' id='word_1_88' title='bbox 491 831 676 870; x_wconf 87' lang='lat' dir='ltr'>coepero,</span> <span class='ocrx_word' id='word_1_89' title='bbox 700 821 742 857; x_wconf 92' lang='lat' dir='ltr'>et</span> <span class='ocrx_word' id='word_1_90' title='bbox 768 816 829 857; x_wconf 87' lang='lat' dir='ltr'>ita</span> <span class='ocrx_word' id='word_1_91' title='bbox 859 816 1009 866; x_wconf 82' lang='lat' dir='ltr'>dicam,</span> <span class='ocrx_word' id='word_1_92' title='bbox 1041 822 1102 866; x_wconf 92' lang='lat' dir='ltr'>ut,</span> <span class='ocrx_word' id='word_1_93' title='bbox 1134 817 1171 858; x_wconf 91' lang='lat' dir='ltr'>si</span> <span class='ocrx_word' id='word_1_94' title='bbox 1200 833 1268 859; x_wconf 92' lang='lat' dir='ltr'>me</span> <span class='ocrx_word' id='word_1_95' title='bbox 1297 818 1344 859; x_wconf 90' lang='lat' dir='ltr'>in</span> <span class='ocrx_word' id='word_1_96' title='bbox 1374 833 1421 859; x_wconf 87' lang='lat' dir='ltr'>ea</span> <span class='ocrx_word' id='word_1_97' title='bbox 1452 820 1727 874; x_wconf 82' lang='lat' dir='ltr'>querimonia,</span> 
     </span>
     <span class='ocr_line' id='line_1_12' title="bbox 128 881 1728 935; baseline 0.003 -14"><span class='ocrx_word' id='word_1_98' title='bbox 128 895 256 935; x_wconf 87' lang='lat' dir='ltr'>quam</span> <span class='ocrx_word' id='word_1_99' title='bbox 277 896 371 922; x_wconf 91' lang='lat' dir='ltr'>sum</span> <span class='ocrx_word' id='word_1_100' title='bbox 391 881 614 923; x_wconf 84' lang='lat' dir='ltr'>habiturus</span> <span class='ocrx_word' id='word_1_101' title='bbox 635 882 686 923; x_wconf 90' lang='lat' dir='ltr'>de</span> <span class='ocrx_word' id='word_1_102' title='bbox 707 881 829 922; x_wconf 85' lang='lat' dir='ltr'>istius</span> <span class='ocrx_word' id='word_1_103' title='bbox 850 881 1100 923; x_wconf 86' lang='lat' dir='ltr'>crudelitate</span> <span class='ocrx_word' id='word_1_104' title='bbox 1122 887 1164 923; x_wconf 89' lang='lat' dir='ltr'>et</span> <span class='ocrx_word' id='word_1_105' title='bbox 1184 883 1236 924; x_wconf 91' lang='lat' dir='ltr'>de</span> <span class='ocrx_word' id='word_1_106' title='bbox 1258 883 1416 924; x_wconf 79' lang='lat' dir='ltr'>civium</span> <span class='ocrx_word' id='word_1_107' title='bbox 1436 884 1728 926; x_wconf 85' lang='lat' dir='ltr'>Romanorum</span> 
     </span>
     <span class='ocr_line' id='line_1_13' title="bbox 127 945 1730 1001; baseline 0.004 -15"><span class='ocrx_word' id='word_1_108' title='bbox 127 945 427 1001; x_wconf 85' lang='lat' dir='ltr'>indignissima</span> <span class='ocrx_word' id='word_1_109' title='bbox 455 952 603 996; x_wconf 87' lang='lat' dir='ltr'>morte,</span> <span class='ocrx_word' id='word_1_110' title='bbox 635 962 722 988; x_wconf 91' lang='lat' dir='ltr'>non</span> <span class='ocrx_word' id='word_1_111' title='bbox 753 947 876 988; x_wconf 93' lang='lat' dir='ltr'>modo</span> <span class='ocrx_word' id='word_1_112' title='bbox 905 947 1017 988; x_wconf 83' lang='lat' dir='ltr'>vires</span> <span class='ocrx_word' id='word_1_113' title='bbox 1048 962 1197 988; x_wconf 82' lang='lat' dir='ltr'>verum</span> <span class='ocrx_word' id='word_1_114' title='bbox 1221 948 1351 989; x_wconf 86' lang='lat' dir='ltr'>etiam</span> <span class='ocrx_word' id='word_1_115' title='bbox 1370 949 1459 990; x_wconf 83' lang='lat' dir='ltr'>vita</span> <span class='ocrx_word' id='word_1_116' title='bbox 1480 950 1661 1000; x_wconf 87' lang='lat' dir='ltr'>deficiat,</span> <span class='ocrx_word' id='word_1_117' title='bbox 1683 951 1730 992; x_wconf 91' lang='lat' dir='ltr'>id</span> 
     </span>
     <span class='ocr_line' id='line_1_14' title="bbox 126 1011 1726 1070; baseline 0.004 -19"><span class='ocrx_word' id='word_1_118' title='bbox 126 1011 235 1052; x_wconf 79' lang='lat' dir='ltr'>mihi</span> <span class='ocrx_word' id='word_1_119' title='bbox 264 1011 528 1066; x_wconf 86' lang='lat' dir='ltr'>praeclarum</span> <span class='ocrx_word' id='word_1_120' title='bbox 549 1017 591 1053; x_wconf 90' lang='lat' dir='ltr'>et</span> <span class='ocrx_word' id='word_1_121' title='bbox 607 1012 846 1067; x_wconf 87' lang='lat' dir='ltr'>jucundum</span> <span class='ocrx_word' id='word_1_122' title='bbox 872 1018 1030 1067; x_wconf 89' lang='lat' dir='ltr'>putem.</span> <span class='ocrx_word' id='word_1_123' title='bbox 1092 1013 1211 1054; x_wconf 89' lang='lat' dir='ltr'>Haec</span> <span class='ocrx_word' id='word_1_124' title='bbox 1241 1013 1377 1068; x_wconf 87' lang='lat' dir='ltr'>igitur</span> <span class='ocrx_word' id='word_1_125' title='bbox 1406 1020 1468 1055; x_wconf 90' lang='lat' dir='ltr'>est</span> <span class='ocrx_word' id='word_1_126' title='bbox 1499 1021 1618 1070; x_wconf 86' lang='lat' dir='ltr'>gesta</span> <span class='ocrx_word' id='word_1_127' title='bbox 1647 1032 1726 1066; x_wconf 87' lang='lat' dir='ltr'>res,</span> 
     </span>
     <span class='ocr_line' id='line_1_15' title="bbox 126 1075 1726 1133; baseline 0.004 -16"><span class='ocrx_word' id='word_1_128' title='bbox 126 1075 230 1117; x_wconf 84' lang='lat' dir='ltr'>haec</span> <span class='ocrx_word' id='word_1_129' title='bbox 261 1077 439 1118; x_wconf 84' lang='lat' dir='ltr'>victoria</span> <span class='ocrx_word' id='word_1_130' title='bbox 468 1077 709 1131; x_wconf 82' lang='lat' dir='ltr'>praeclara:</span> <span class='ocrx_word' id='word_1_131' title='bbox 741 1092 1000 1132; x_wconf 84' lang='lat' dir='ltr'>myoparone</span> <span class='ocrx_word' id='word_1_132' title='bbox 1029 1077 1208 1132; x_wconf 89' lang='lat' dir='ltr'>piratico</span> <span class='ocrx_word' id='word_1_133' title='bbox 1239 1084 1362 1133; x_wconf 90' lang='lat' dir='ltr'>capto</span> <span class='ocrx_word' id='word_1_134' title='bbox 1392 1080 1481 1120; x_wconf 79' lang='lat' dir='ltr'>dux</span> <span class='ocrx_word' id='word_1_135' title='bbox 1510 1080 1726 1131; x_wconf 87' lang='lat' dir='ltr'>liberatus,</span> 
     </span>
     <span class='ocr_line' id='line_1_16' title="bbox 125 1142 1728 1196; baseline 0.003 -13"><span class='ocrx_word' id='word_1_136' title='bbox 125 1142 418 1196; x_wconf 75' lang='lat' dir='ltr'>symphoniaci</span> <span class='ocrx_word' id='word_1_137' title='bbox 451 1143 634 1183; x_wconf 84' lang='lat' dir='ltr'>Romam</span> <span class='ocrx_word' id='word_1_138' title='bbox 669 1142 810 1183; x_wconf 88' lang='lat' dir='ltr'>missi:</span> <span class='ocrx_word' id='word_1_139' title='bbox 855 1142 1027 1183; x_wconf 90' lang='lat' dir='ltr'>formosi</span> <span class='ocrx_word' id='word_1_140' title='bbox 1067 1143 1260 1184; x_wconf 89' lang='lat' dir='ltr'>homines</span> <span class='ocrx_word' id='word_1_141' title='bbox 1293 1149 1334 1184; x_wconf 90' lang='lat' dir='ltr'>et</span> <span class='ocrx_word' id='word_1_142' title='bbox 1367 1144 1650 1187; x_wconf 84' lang='lat' dir='ltr'>adolescentes</span> <span class='ocrx_word' id='word_1_143' title='bbox 1686 1153 1728 1188; x_wconf 91' lang='lat' dir='ltr'>et</span> 
     </span>
     <span class='ocr_line' id='line_1_17' title="bbox 124 1206 1727 1253; baseline 0.003 -5"><span class='ocrx_word' id='word_1_144' title='bbox 124 1208 306 1249; x_wconf 87' lang='lat' dir='ltr'>artifices</span> <span class='ocrx_word' id='word_1_145' title='bbox 327 1208 498 1249; x_wconf 91' lang='lat' dir='ltr'>domum</span> <span class='ocrx_word' id='word_1_146' title='bbox 521 1207 716 1248; x_wconf 85' lang='lat' dir='ltr'>abducti:</span> <span class='ocrx_word' id='word_1_147' title='bbox 749 1206 793 1247; x_wconf 88' lang='lat' dir='ltr'>in</span> <span class='ocrx_word' id='word_1_148' title='bbox 816 1222 962 1248; x_wconf 92' lang='lat' dir='ltr'>eorum</span> <span class='ocrx_word' id='word_1_149' title='bbox 991 1207 1132 1248; x_wconf 91' lang='lat' dir='ltr'>locum</span> <span class='ocrx_word' id='word_1_150' title='bbox 1165 1214 1206 1249; x_wconf 89' lang='lat' dir='ltr'>et</span> <span class='ocrx_word' id='word_1_151' title='bbox 1239 1209 1293 1250; x_wconf 89' lang='lat' dir='ltr'>ad</span> <span class='ocrx_word' id='word_1_152' title='bbox 1325 1224 1470 1250; x_wconf 90' lang='lat' dir='ltr'>eorum</span> <span class='ocrx_word' id='word_1_153' title='bbox 1502 1225 1727 1253; x_wconf 87' lang='lat' dir='ltr'>numerum</span> 
     </span>
     <span class='ocr_line' id='line_1_18' title="bbox 123 1272 1728 1319; baseline 0.004 -6"><span class='ocrx_word' id='word_1_154' title='bbox 123 1272 236 1314; x_wconf 84' lang='lat' dir='ltr'>cives</span> <span class='ocrx_word' id='word_1_155' title='bbox 271 1273 456 1314; x_wconf 89' lang='lat' dir='ltr'>Romani</span> <span class='ocrx_word' id='word_1_156' title='bbox 485 1272 684 1314; x_wconf 82' lang='lat' dir='ltr'>hostilem</span> <span class='ocrx_word' id='word_1_157' title='bbox 704 1272 750 1313; x_wconf 90' lang='lat' dir='ltr'>in</span> <span class='ocrx_word' id='word_1_158' title='bbox 771 1273 945 1313; x_wconf 91' lang='lat' dir='ltr'>modum</span> <span class='ocrx_word' id='word_1_159' title='bbox 975 1272 1152 1314; x_wconf 88' lang='lat' dir='ltr'>cruciati</span> <span class='ocrx_word' id='word_1_160' title='bbox 1173 1278 1215 1314; x_wconf 90' lang='lat' dir='ltr'>et</span> <span class='ocrx_word' id='word_1_161' title='bbox 1235 1275 1399 1316; x_wconf 90' lang='lat' dir='ltr'>necati:</span> <span class='ocrx_word' id='word_1_162' title='bbox 1432 1276 1569 1318; x_wconf 85' lang='lat' dir='ltr'>omnis</span> <span class='ocrx_word' id='word_1_163' title='bbox 1599 1278 1728 1319; x_wconf 84' lang='lat' dir='ltr'>vestis</span> 
     </span>
     <span class='ocr_line' id='line_1_19' title="bbox 122 1337 1409 1393; baseline 0.002 -15"><span class='ocrx_word' id='word_1_164' title='bbox 122 1337 276 1388; x_wconf 87' lang='lat' dir='ltr'>ablata,</span> <span class='ocrx_word' id='word_1_165' title='bbox 300 1353 424 1379; x_wconf 91' lang='lat' dir='ltr'>omne</span> <span class='ocrx_word' id='word_1_166' title='bbox 445 1353 597 1379; x_wconf 91' lang='lat' dir='ltr'>aurum</span> <span class='ocrx_word' id='word_1_167' title='bbox 617 1342 659 1378; x_wconf 89' lang='lat' dir='ltr'>et</span> <span class='ocrx_word' id='word_1_168' title='bbox 680 1344 908 1393; x_wconf 84' lang='lat' dir='ltr'>argentum</span> <span class='ocrx_word' id='word_1_169' title='bbox 929 1337 1119 1379; x_wconf 89' lang='lat' dir='ltr'>ablatum</span> <span class='ocrx_word' id='word_1_170' title='bbox 1139 1343 1182 1379; x_wconf 92' lang='lat' dir='ltr'>et</span> <span class='ocrx_word' id='word_1_171' title='bbox 1202 1354 1409 1381; x_wconf 85' lang='lat' dir='ltr'>aversum.</span> 
     </span>
    </p>

    <p class='ocr_par' dir='ltr' id='par_1_3' title="bbox 119 1403 1727 2114">
     <span class='ocr_line' id='line_1_20' title="bbox 178 1403 1727 1459; baseline 0.003 -15"><span class='ocrx_word' id='word_1_172' title='bbox 178 1403 349 1444; x_wconf 88' lang='lat' dir='ltr'>XXIX.</span> <span class='ocrx_word' id='word_1_173' title='bbox 381 1403 443 1444; x_wconf 90' lang='lat' dir='ltr'>At</span> <span class='ocrx_word' id='word_1_174' title='bbox 473 1403 831 1459; x_wconf 85' lang='lat' dir='ltr'>quemadmodum</span> <span class='ocrx_word' id='word_1_175' title='bbox 860 1403 949 1457; x_wconf 90' lang='lat' dir='ltr'>ipse</span> <span class='ocrx_word' id='word_1_176' title='bbox 971 1418 1014 1444; x_wconf 91' lang='lat' dir='ltr'>se</span> <span class='ocrx_word' id='word_1_177' title='bbox 1034 1403 1176 1445; x_wconf 92' lang='lat' dir='ltr'>induit</span> <span class='ocrx_word' id='word_1_178' title='bbox 1206 1405 1347 1459; x_wconf 87' lang='lat' dir='ltr'>priore</span> <span class='ocrx_word' id='word_1_179' title='bbox 1378 1406 1543 1448; x_wconf 87' lang='lat' dir='ltr'>actione</span> <span class='ocrx_word' id='word_1_180' title='bbox 1561 1408 1581 1448; x_wconf 62' lang='grc' dir='ltr'><strong><em>ἓ</em></strong></span> <span class='ocrx_word' id='word_1_181' title='bbox 1643 1407 1727 1454; x_wconf 79' lang='lat' dir='ltr'>Qui</span> 
     </span>
     <span class='ocr_line' id='line_1_21' title="bbox 121 1467 1724 1525; baseline 0.002 -15"><span class='ocrx_word' id='word_1_182' title='bbox 121 1472 186 1510; x_wconf 90' lang='lat' dir='ltr'>tot</span> <span class='ocrx_word' id='word_1_183' title='bbox 215 1469 304 1511; x_wconf 91' lang='lat' dir='ltr'>dies</span> <span class='ocrx_word' id='word_1_184' title='bbox 334 1469 547 1519; x_wconf 85' lang='lat' dir='ltr'>tacuisset,</span> <span class='ocrx_word' id='word_1_185' title='bbox 586 1474 760 1524; x_wconf 89' lang='lat' dir='ltr'>repente</span> <span class='ocrx_word' id='word_1_186' title='bbox 790 1468 837 1509; x_wconf 91' lang='lat' dir='ltr'>in</span> <span class='ocrx_word' id='word_1_187' title='bbox 867 1468 928 1509; x_wconf 86' lang='lat' dir='ltr'>M.</span> <span class='ocrx_word' id='word_1_188' title='bbox 959 1467 1112 1519; x_wconf 88' lang='lat' dir='ltr'>Annii,</span> <span class='ocrx_word' id='word_1_189' title='bbox 1153 1470 1338 1512; x_wconf 90' lang='lat' dir='ltr'>hominis</span> <span class='ocrx_word' id='word_1_190' title='bbox 1378 1471 1724 1525; x_wconf 78' lang='lat' dir='ltr'>splendidissimi,</span> 
     </span>
     <span class='ocr_line' id='line_1_22' title="bbox 119 1533 1724 1592; baseline 0.003 -17"><span class='ocrx_word' id='word_1_191' title='bbox 119 1534 374 1585; x_wconf 89' lang='lat' dir='ltr'>testimonio,</span> <span class='ocrx_word' id='word_1_192' title='bbox 412 1550 545 1591; x_wconf 91' lang='lat' dir='ltr'>quum</span> <span class='ocrx_word' id='word_1_193' title='bbox 576 1534 612 1575; x_wconf 93' lang='lat' dir='ltr'>is</span> <span class='ocrx_word' id='word_1_194' title='bbox 648 1534 785 1575; x_wconf 87' lang='lat' dir='ltr'>civem</span> <span class='ocrx_word' id='word_1_195' title='bbox 819 1533 1063 1576; x_wconf 86' lang='lat' dir='ltr'>Romanum</span> <span class='ocrx_word' id='word_1_196' title='bbox 1095 1535 1284 1586; x_wconf 82' lang='lat' dir='ltr'>dixisset,</span> <span class='ocrx_word' id='word_1_197' title='bbox 1317 1537 1622 1592; x_wconf 82' lang='lat' dir='ltr'>archipiratam</span> <span class='ocrx_word' id='word_1_198' title='bbox 1651 1554 1724 1580; x_wconf 92' lang='lat' dir='ltr'>ne-</span> 
     </span>
     <span class='ocr_line' id='line_1_23' title="bbox 122 1599 1726 1655; baseline 0.003 -14"><span class='ocrx_word' id='word_1_199' title='bbox 122 1605 261 1655; x_wconf 83' lang='lat' dir='ltr'>gasset</span> <span class='ocrx_word' id='word_1_200' title='bbox 283 1600 418 1641; x_wconf 89' lang='lat' dir='ltr'>securi</span> <span class='ocrx_word' id='word_1_201' title='bbox 438 1615 524 1641; x_wconf 88' lang='lat' dir='ltr'>esse</span> <span class='ocrx_word' id='word_1_202' title='bbox 544 1614 802 1654; x_wconf 85' lang='lat' dir='ltr'>percussum,</span> <span class='ocrx_word' id='word_1_203' title='bbox 826 1599 1023 1640; x_wconf 77' lang='lat' dir='ltr'>exsiluit:</span> <span class='ocrx_word' id='word_1_204' title='bbox 1056 1601 1314 1642; x_wconf 86' lang='lat' dir='ltr'>conscientia</span> <span class='ocrx_word' id='word_1_205' title='bbox 1334 1602 1500 1644; x_wconf 85' lang='lat' dir='ltr'>sceleris</span> <span class='ocrx_word' id='word_1_206' title='bbox 1522 1609 1563 1644; x_wconf 91' lang='lat' dir='ltr'>et</span> <span class='ocrx_word' id='word_1_207' title='bbox 1583 1604 1726 1646; x_wconf 89' lang='lat' dir='ltr'>furore</span> 
     </span>
     <span class='ocr_line' id='line_1_24' title="bbox 121 1664 1725 1721; baseline 0.002 -15"><span class='ocrx_word' id='word_1_208' title='bbox 121 1680 175 1706; x_wconf 85' lang='lat' dir='ltr'>ex</span> <span class='ocrx_word' id='word_1_209' title='bbox 194 1665 414 1706; x_wconf 85' lang='lat' dir='ltr'>maleficiis</span> <span class='ocrx_word' id='word_1_210' title='bbox 435 1670 636 1719; x_wconf 91' lang='lat' dir='ltr'>concepto</span> <span class='ocrx_word' id='word_1_211' title='bbox 669 1664 879 1705; x_wconf 82' lang='lat' dir='ltr'>excitatus</span> <span class='ocrx_word' id='word_1_212' title='bbox 912 1664 1024 1706; x_wconf 77' lang='lat' dir='ltr'>dixit</span> <span class='ocrx_word' id='word_1_213' title='bbox 1056 1681 1112 1715; x_wconf 91' lang='lat' dir='ltr'>se,</span> <span class='ocrx_word' id='word_1_214' title='bbox 1147 1667 1261 1721; x_wconf 92' lang='lat' dir='ltr'>quod</span> <span class='ocrx_word' id='word_1_215' title='bbox 1288 1667 1414 1708; x_wconf 89' lang='lat' dir='ltr'>sciret</span> <span class='ocrx_word' id='word_1_216' title='bbox 1444 1668 1525 1709; x_wconf 88' lang='lat' dir='ltr'>sibi</span> <span class='ocrx_word' id='word_1_217' title='bbox 1555 1669 1725 1711; x_wconf 87' lang='lat' dir='ltr'>crimini</span> 
     </span>
     <span class='ocr_line' id='line_1_25' title="bbox 121 1730 1725 1789; baseline 0.003 -17"><span class='ocrx_word' id='word_1_218' title='bbox 121 1731 267 1772; x_wconf 82' lang='lat' dir='ltr'>datum</span> <span class='ocrx_word' id='word_1_219' title='bbox 298 1730 352 1771; x_wconf 89' lang='lat' dir='ltr'>iri</span> <span class='ocrx_word' id='word_1_220' title='bbox 381 1730 606 1785; x_wconf 85' lang='lat' dir='ltr'>pecuniam</span> <span class='ocrx_word' id='word_1_221' title='bbox 636 1730 842 1784; x_wconf 87' lang='lat' dir='ltr'>accepisse</span> <span class='ocrx_word' id='word_1_222' title='bbox 866 1745 1004 1786; x_wconf 90' lang='lat' dir='ltr'>neque</span> <span class='ocrx_word' id='word_1_223' title='bbox 1026 1731 1077 1772; x_wconf 90' lang='lat' dir='ltr'>de</span> <span class='ocrx_word' id='word_1_224' title='bbox 1097 1746 1198 1772; x_wconf 81' lang='lat' dir='ltr'>vero</span> <span class='ocrx_word' id='word_1_225' title='bbox 1220 1732 1478 1787; x_wconf 86' lang='lat' dir='ltr'>archipirata</span> <span class='ocrx_word' id='word_1_226' title='bbox 1499 1735 1725 1789; x_wconf 84' lang='lat' dir='ltr'>sumpsisse</span> 
     </span>
     <span class='ocr_line' id='line_1_26' title="bbox 119 1795 1724 1854; baseline 0.002 -16"><span class='ocrx_word' id='word_1_227' title='bbox 119 1796 389 1852; x_wconf 91' lang='lat' dir='ltr'>supplicium,</span> <span class='ocrx_word' id='word_1_228' title='bbox 421 1795 515 1836; x_wconf 90' lang='lat' dir='ltr'>ideo</span> <span class='ocrx_word' id='word_1_229' title='bbox 545 1811 588 1836; x_wconf 92' lang='lat' dir='ltr'>se</span> <span class='ocrx_word' id='word_1_230' title='bbox 619 1795 754 1836; x_wconf 88' lang='lat' dir='ltr'>securi</span> <span class='ocrx_word' id='word_1_231' title='bbox 783 1810 870 1836; x_wconf 89' lang='lat' dir='ltr'>non</span> <span class='ocrx_word' id='word_1_232' title='bbox 900 1797 1175 1851; x_wconf 87' lang='lat' dir='ltr'>percussisse:</span> <span class='ocrx_word' id='word_1_233' title='bbox 1219 1797 1334 1838; x_wconf 91' lang='lat' dir='ltr'>domi</span> <span class='ocrx_word' id='word_1_234' title='bbox 1375 1813 1462 1839; x_wconf 85' lang='lat' dir='ltr'>esse</span> <span class='ocrx_word' id='word_1_235' title='bbox 1494 1800 1606 1854; x_wconf 86' lang='lat' dir='ltr'>apud</span> <span class='ocrx_word' id='word_1_236' title='bbox 1637 1816 1724 1842; x_wconf 90' lang='lat' dir='ltr'>sese</span> 
     </span>
     <span class='ocr_line' id='line_1_27' title="bbox 120 1860 1724 1919; baseline 0.002 -16"><span class='ocrx_word' id='word_1_237' title='bbox 120 1861 400 1916; x_wconf 81' lang='lat' dir='ltr'>archipiratas</span> <span class='ocrx_word' id='word_1_238' title='bbox 430 1860 540 1901; x_wconf 86' lang='lat' dir='ltr'>dixit</span> <span class='ocrx_word' id='word_1_239' title='bbox 561 1861 677 1901; x_wconf 91' lang='lat' dir='ltr'>duos.</span> <span class='ocrx_word' id='word_1_240' title='bbox 740 1860 776 1901; x_wconf 91' lang='lat' dir='ltr'>O</span> <span class='ocrx_word' id='word_1_241' title='bbox 799 1860 1071 1902; x_wconf 87' lang='lat' dir='ltr'>clementiam</span> <span class='ocrx_word' id='word_1_242' title='bbox 1100 1862 1247 1916; x_wconf 90' lang='lat' dir='ltr'>populi</span> <span class='ocrx_word' id='word_1_243' title='bbox 1269 1862 1466 1912; x_wconf 83' lang='lat' dir='ltr'>Romani,</span> <span class='ocrx_word' id='word_1_244' title='bbox 1489 1879 1563 1905; x_wconf 91' lang='lat' dir='ltr'>seu</span> <span class='ocrx_word' id='word_1_245' title='bbox 1583 1866 1724 1919; x_wconf 90' lang='lat' dir='ltr'>potius</span> 
     </span>
     <span class='ocr_line' id='line_1_28' title="bbox 119 1925 1723 1982; baseline 0.003 -14"><span class='ocrx_word' id='word_1_246' title='bbox 119 1927 370 1982; x_wconf 82' lang='lat' dir='ltr'>patientiam</span> <span class='ocrx_word' id='word_1_247' title='bbox 400 1926 554 1967; x_wconf 84' lang='lat' dir='ltr'>miram</span> <span class='ocrx_word' id='word_1_248' title='bbox 584 1941 631 1967; x_wconf 87' lang='lat' dir='ltr'>ac</span> <span class='ocrx_word' id='word_1_249' title='bbox 662 1925 948 1980; x_wconf 77' lang='lat' dir='ltr'>singularem!</span> <span class='ocrx_word' id='word_1_250' title='bbox 1012 1926 1159 1968; x_wconf 80' lang='lat' dir='ltr'>Civem</span> <span class='ocrx_word' id='word_1_251' title='bbox 1190 1927 1432 1969; x_wconf 85' lang='lat' dir='ltr'>Romanum</span> <span class='ocrx_word' id='word_1_252' title='bbox 1463 1930 1598 1970; x_wconf 78' lang='lat' dir='ltr'>securi</span> <span class='ocrx_word' id='word_1_253' title='bbox 1635 1947 1723 1974; x_wconf 82' lang='lat' dir='ltr'>esse</span> 
     </span>
     <span class='ocr_line' id='line_1_29' title="bbox 119 1990 1723 2050; baseline 0.002 -17"><span class='ocrx_word' id='word_1_254' title='bbox 119 2007 364 2047; x_wconf 88' lang='lat' dir='ltr'>percussum</span> <span class='ocrx_word' id='word_1_255' title='bbox 385 1991 444 2032; x_wconf 87' lang='lat' dir='ltr'>M.</span> <span class='ocrx_word' id='word_1_256' title='bbox 468 1990 650 2039; x_wconf 90' lang='lat' dir='ltr'>Annius,</span> <span class='ocrx_word' id='word_1_257' title='bbox 673 2006 800 2046; x_wconf 84' lang='lat' dir='ltr'>eques</span> <span class='ocrx_word' id='word_1_258' title='bbox 838 1991 1067 2040; x_wconf 82' lang='lat' dir='ltr'>Romanus,</span> <span class='ocrx_word' id='word_1_259' title='bbox 1091 1992 1219 2042; x_wconf 90' lang='lat' dir='ltr'>dicit;</span> <span class='ocrx_word' id='word_1_260' title='bbox 1251 1999 1387 2035; x_wconf 86' lang='lat' dir='ltr'>taces:</span> <span class='ocrx_word' id='word_1_261' title='bbox 1420 1995 1723 2050; x_wconf 78' lang='lat' dir='ltr'>archipiratam</span> 
     </span>
     <span class='ocr_line' id='line_1_30' title="bbox 119 2056 1723 2114; baseline 0.003 -15"><span class='ocrx_word' id='word_1_262' title='bbox 119 2064 274 2113; x_wconf 84' lang='lat' dir='ltr'>negat3</span> <span class='ocrx_word' id='word_1_263' title='bbox 317 2056 474 2098; x_wconf 82' lang='lat' dir='ltr'>fateris.</span> <span class='ocrx_word' id='word_1_264' title='bbox 537 2056 610 2097; x_wconf 90' lang='lat' dir='ltr'>Fit</span> <span class='ocrx_word' id='word_1_265' title='bbox 641 2057 824 2111; x_wconf 88' lang='lat' dir='ltr'>gemitus</span> <span class='ocrx_word' id='word_1_266' title='bbox 855 2056 1046 2098; x_wconf 88' lang='lat' dir='ltr'>omnium</span> <span class='ocrx_word' id='word_1_267' title='bbox 1076 2062 1118 2098; x_wconf 90' lang='lat' dir='ltr'>ct</span> <span class='ocrx_word' id='word_1_268' title='bbox 1148 2057 1318 2108; x_wconf 84' lang='lat' dir='ltr'>clamor,</span> <span class='ocrx_word' id='word_1_269' title='bbox 1351 2074 1482 2114; x_wconf 88' lang='lat' dir='ltr'>quum</span> <span class='ocrx_word' id='word_1_270' title='bbox 1514 2066 1657 2104; x_wconf 85' lang='lat' dir='ltr'>tamen</span> <span class='ocrx_word' id='word_1_271' title='bbox 1698 2078 1723 2104; x_wconf 84' lang='lat' dir='ltr'>a</span> 
     </span>
    </p>
   </div>
   <div class='ocr_carea' id='block_1_3' title="bbox 118 2162 1721 2293">
    <p class='ocr_par' dir='ltr' id='par_1_4' title="bbox 118 2162 1721 2293">
     <span class='ocr_line' id='line_1_31' title="bbox 165 2162 1294 2205; baseline 0.003 -12"><span class='ocrx_word' id='word_1_272' title='bbox 165 2162 391 2204; x_wconf 67' lang='lat' dir='ltr'>Sertoriano-³]</span> <span class='ocrx_word' id='word_1_273' title='bbox 438 2163 506 2193; x_wconf 87' lang='lat' dir='ltr'>Thc</span> <span class='ocrx_word' id='word_1_274' title='bbox 533 2173 606 2193; x_wconf 76' lang='lat' dir='ltr'>men</span> <span class='ocrx_word' id='word_1_275' title='bbox 631 2163 703 2193; x_wconf 88' lang='lat' dir='ltr'>who</span> <span class='ocrx_word' id='word_1_276' title='bbox 725 2174 809 2193; x_wconf 75' lang='lat' dir='ltr'>were</span> <span class='ocrx_word' id='word_1_277' title='bbox 835 2163 897 2193; x_wconf 76' lang='lat' dir='ltr'>‹lis-</span> <span class='ocrx_word' id='word_1_278' title='bbox 986 2163 1060 2205; x_wconf 59' lang='lat' dir='ltr'>eqo]</span> <span class='ocrx_word' id='word_1_279' title='bbox 1085 2175 1148 2195; x_wconf 88' lang='lat' dir='ltr'>om.</span> <span class='ocrx_word' id='word_1_280' title='bbox 1167 2165 1226 2205; x_wconf 73' lang='lat' dir='ltr'>Lg.</span> <span class='ocrx_word' id='word_1_281' title='bbox 1243 2167 1294 2196; x_wconf 75' lang='lat'>29.</span> 
     </span>
     <span class='ocr_line' id='line_1_32' title="bbox 118 2206 1721 2252; baseline 0.004 -15"><span class='ocrx_word' id='word_1_282' title='bbox 118 2207 232 2246; x_wconf 85' lang='lat' dir='ltr'>persed</span> <span class='ocrx_word' id='word_1_283' title='bbox 248 2207 333 2237; x_wconf 74' lang='lat' dir='ltr'>aster</span> <span class='ocrx_word' id='word_1_284' title='bbox 356 2207 413 2237; x_wconf 82' lang='lat' dir='ltr'>the</span> <span class='ocrx_word' id='word_1_285' title='bbox 433 2206 660 2237; x_wconf 79' lang='lat' dir='ltr'>assassination</span> <span class='ocrx_word' id='word_1_286' title='bbox 681 2206 718 2236; x_wconf 87' lang='lat' dir='ltr'>of</span> <span class='ocrx_word' id='word_1_287' title='bbox 735 2207 898 2236; x_wconf 73' lang='lat' dir='ltr'>Sertorius</span> <span class='ocrx_word' id='word_1_288' title='bbox 987 2208 1020 2237; x_wconf 82' lang='lat' dir='ltr'>in</span> <span class='ocrx_word' id='word_1_289' title='bbox 1051 2218 1157 2238; x_wconf 74' lang='lat' dir='ltr'>eorum</span> <span class='ocrx_word' id='word_1_290' title='bbox 1178 2232 1184 2238; x_wconf 95' lang='lat'>.</span> <span class='ocrx_word' id='word_1_291' title='bbox 1203 2232 1209 2238; x_wconf 92' lang='lat'>.</span> <span class='ocrx_word' id='word_1_292' title='bbox 1225 2212 1255 2239; x_wconf 76' lang='lat' dir='ltr'>et</span> <span class='ocrx_word' id='word_1_293' title='bbox 1273 2209 1318 2238; x_wconf 84' lang='lat' dir='ltr'>ad</span> <span class='ocrx_word' id='word_1_294' title='bbox 1334 2233 1342 2240; x_wconf 92' lang='lat'>.</span> <span class='ocrx_word' id='word_1_295' title='bbox 1361 2233 1367 2240; x_wconf 93' lang='lat'>.</span> <span class='ocrx_word' id='word_1_296' title='bbox 1385 2210 1566 2252; x_wconf 78' lang='lat' dir='ltr'>numerum]</span> <span class='ocrx_word' id='word_1_297' title='bbox 1618 2212 1721 2244; x_wconf 67' lang='lat' dir='ltr'>These</span> 
     </span>
     <span class='ocr_line' id='line_1_33' title="bbox 118 2249 1720 2293; baseline 0.005 -14"><span class='ocrx_word' id='word_1_298' title='bbox 118 2249 151 2280; x_wconf 85' lang='lat' dir='ltr'>in</span> <span class='ocrx_word' id='word_1_299' title='bbox 169 2250 278 2289; x_wconf 83' lang='lat' dir='ltr'>Spain,</span> <span class='ocrx_word' id='word_1_300' title='bbox 296 2257 360 2279; x_wconf 51' lang='grc' dir='ltr'>ΒΩ,</span> <span class='ocrx_word' id='word_1_301' title='bbox 377 2249 429 2281; x_wconf 85' lang='grc'>72.</span> <span class='ocrx_word' id='word_1_302' title='bbox 943 2260 997 2280; x_wconf 71' lang='lat' dir='ltr'>nro</span> <span class='ocrx_word' id='word_1_303' title='bbox 1020 2253 1085 2280; x_wconf 81' lang='lat' dir='ltr'>two</span> <span class='ocrx_word' id='word_1_304' title='bbox 1110 2261 1180 2282; x_wconf 77' lang='lat' dir='ltr'>uses</span> <span class='ocrx_word' id='word_1_305' title='bbox 1198 2252 1234 2281; x_wconf 81' lang='lat' dir='ltr'>of</span> <span class='ocrx_word' id='word_1_306' title='bbox 1254 2252 1344 2283; x_wconf 71' lang='lat' dir='ltr'>these</span> <span class='ocrx_word' id='word_1_307' title='bbox 1368 2254 1590 2293; x_wconf 72' lang='lat' dir='ltr'>prepositions.</span> <span class='ocrx_word' id='word_1_308' title='bbox 1638 2262 1645 2272; x_wconf 80' lang='lat'>⁴</span> <span class='ocrx_word' id='word_1_309' title='bbox 1661 2256 1700 2287; x_wconf 92' lang='lat' dir='ltr'>In</span> <span class='ocrx_word' id='word_1_310' title='bbox 1714 2257 1720 2269; x_wconf 87' lang='lat'>’</span> 
     </span>
    </p>
   </div>
   <div class='ocr_carea' id='block_1_4' title="bbox 118 2291 1720 2506">
    <p class='ocr_par' dir='ltr' id='par_1_5' title="bbox 118 2291 1720 2506">
     <span class='ocr_line' id='line_1_34' title="bbox 162 2291 1720 2333; baseline 0.005 -11"><span class='ocrx_word' id='word_1_311' title='bbox 162 2293 283 2322; x_wconf 70' lang='lat' dir='ltr'>civibus</span> <span class='ocrx_word' id='word_1_312' title='bbox 306 2293 464 2323; x_wconf 82' lang='lat' dir='ltr'>Romanis</span> <span class='ocrx_word' id='word_1_313' title='bbox 487 2291 782 2332; x_wconf 60' lang='lat' dir='ltr'>eoffnoscerenlum]</span> <span class='ocrx_word' id='word_1_314' title='bbox 830 2292 898 2322; x_wconf 82' lang='lat' dir='ltr'>The</span> <span class='ocrx_word' id='word_1_315' title='bbox 943 2303 1104 2333; x_wconf 69' lang='lat' dir='ltr'>expressos</span> <span class='ocrx_word' id='word_1_316' title='bbox 1131 2295 1278 2325; x_wconf 74' lang='lat' dir='ltr'>‘instead</span> <span class='ocrx_word' id='word_1_317' title='bbox 1304 2296 1359 2331; x_wconf 83' lang='lat' dir='ltr'>of,’</span> <span class='ocrx_word' id='word_1_318' title='bbox 1384 2297 1447 2327; x_wconf 84' lang='lat' dir='ltr'>and</span> <span class='ocrx_word' id='word_1_319' title='bbox 1474 2298 1554 2327; x_wconf 78' lang='lat' dir='ltr'>‘nd&#39;</span> <span class='ocrx_word' id='word_1_320' title='bbox 1582 2302 1637 2329; x_wconf 89' lang='lat' dir='ltr'>‘to</span> <span class='ocrx_word' id='word_1_321' title='bbox 1664 2299 1720 2330; x_wconf 72' lang='lat' dir='ltr'>the</span> 
     </span>
     <span class='ocr_line' id='line_1_35' title="bbox 119 2335 1720 2380; baseline 0.004 -14"><span class='ocrx_word' id='word_1_322' title='bbox 119 2336 301 2376; x_wconf 81' lang='lat' dir='ltr'>readingof</span> <span class='ocrx_word' id='word_1_323' title='bbox 307 2336 363 2366; x_wconf 81' lang='lat' dir='ltr'>the</span> <span class='ocrx_word' id='word_1_324' title='bbox 373 2336 482 2366; x_wconf 83' lang='lat' dir='ltr'>better</span> <span class='ocrx_word' id='word_1_325' title='bbox 494 2335 737 2371; x_wconf 54' lang='lat' dir='ltr'>Mssftnstead</span> <span class='ocrx_word' id='word_1_326' title='bbox 747 2335 897 2365; x_wconf 72' lang='lat' dir='ltr'>ofwhivh</span> <span class='ocrx_word' id='word_1_327' title='bbox 942 2340 1077 2368; x_wconf 79' lang='lat' dir='ltr'>iunount</span> <span class='ocrx_word' id='word_1_328' title='bbox 1107 2338 1161 2368; x_wconf 61' lang='grc' dir='ltr'>σίζ’</span> <span class='ocrx_word' id='word_1_329' title='bbox 1215 2339 1332 2369; x_wconf 65' lang='lat' dir='ltr'>Caesar</span> <span class='ocrx_word' id='word_1_330' title='bbox 1360 2340 1413 2380; x_wconf 81' lang='grc' dir='ltr'>(Β.</span> <span class='ocrx_word' id='word_1_331' title='bbox 1439 2340 1478 2370; x_wconf 80' lang='lat' dir='ltr'>G.</span> <span class='ocrx_word' id='word_1_332' title='bbox 1504 2341 1524 2370; x_wconf 92' lang='lat' dir='ltr'>i.</span> <span class='ocrx_word' id='word_1_333' title='bbox 1551 2341 1583 2377; x_wconf 87' lang='grc'>5)</span> <span class='ocrx_word' id='word_1_334' title='bbox 1610 2342 1720 2373; x_wconf 73' lang='lat' dir='ltr'>writes</span> 
     </span>
     <span class='ocr_line' id='line_1_36' title="bbox 118 2378 1720 2419; baseline 0.004 -11"><span class='ocrx_word' id='word_1_335' title='bbox 118 2388 166 2409; x_wconf 89' lang='lat' dir='ltr'>we</span> <span class='ocrx_word' id='word_1_336' title='bbox 186 2378 267 2409; x_wconf 84' lang='lat' dir='ltr'>have</span> <span class='ocrx_word' id='word_1_337' title='bbox 288 2379 321 2408; x_wconf 90' lang='lat' dir='ltr'>in</span> <span class='ocrx_word' id='word_1_338' title='bbox 344 2389 430 2409; x_wconf 85' lang='lat' dir='ltr'>some</span> <span class='ocrx_word' id='word_1_339' title='bbox 449 2378 598 2413; x_wconf 74' lang='lat' dir='ltr'>editions,</span> <span class='ocrx_word' id='word_1_340' title='bbox 615 2389 649 2408; x_wconf 77' lang='lat' dir='ltr'>as</span> <span class='ocrx_word' id='word_1_341' title='bbox 673 2378 706 2408; x_wconf 89' lang='lat' dir='ltr'>in</span> <span class='ocrx_word' id='word_1_342' title='bbox 731 2378 786 2409; x_wconf 77' lang='lat' dir='ltr'>the</span> <span class='ocrx_word' id='word_1_343' title='bbox 805 2378 895 2409; x_wconf 78' lang='lat' dir='ltr'>Vari-</span> <span class='ocrx_word' id='word_1_344' title='bbox 942 2380 1077 2419; x_wconf 80' lang='lat' dir='ltr'>‘oppida</span> <span class='ocrx_word' id='word_1_345' title='bbox 1105 2403 1112 2410; x_wconf 92' lang='lat'>.</span> <span class='ocrx_word' id='word_1_346' title='bbox 1139 2403 1146 2411; x_wconf 87' lang='lat'>.</span> <span class='ocrx_word' id='word_1_347' title='bbox 1172 2404 1179 2411; x_wconf 92' lang='lat'>.</span> <span class='ocrx_word' id='word_1_348' title='bbox 1207 2404 1214 2411; x_wconf 95' lang='lat'>.</span> <span class='ocrx_word' id='word_1_349' title='bbox 1238 2392 1373 2412; x_wconf 76' lang='lat' dir='ltr'>numero</span> <span class='ocrx_word' id='word_1_350' title='bbox 1408 2383 1448 2413; x_wconf 81' lang='lat' dir='ltr'>nd</span> <span class='ocrx_word' id='word_1_351' title='bbox 1483 2383 1720 2415; x_wconf 78' lang='lat' dir='ltr'>‹luodcci111.&#39;—</span> 
     </span>
     <span class='ocr_line' id='line_1_37' title="bbox 118 2421 1718 2460; baseline 0.005 -9"><span class='ocrx_word' id='word_1_352' title='bbox 118 2431 222 2457; x_wconf 88' lang='lat' dir='ltr'>orum,</span> <span class='ocrx_word' id='word_1_353' title='bbox 255 2421 337 2451; x_wconf 86' lang='lat' dir='ltr'>‘civ.</span> <span class='ocrx_word' id='word_1_354' title='bbox 366 2421 458 2451; x_wconf 89' lang='lat' dir='ltr'>Rom.</span> <span class='ocrx_word' id='word_1_355' title='bbox 483 2422 812 2460; x_wconf 59' lang='lat' dir='ltr'>recognoscerenturf</span> <span class='ocrx_word' id='word_1_356' title='bbox 839 2422 896 2453; x_wconf 77' lang='lat' dir='ltr'>the</span> <span class='ocrx_word' id='word_1_357' title='bbox 942 2422 1116 2453; x_wconf 83' lang='lat' dir='ltr'>‘hostilem</span> <span class='ocrx_word' id='word_1_358' title='bbox 1155 2424 1188 2454; x_wconf 92' lang='lat' dir='ltr'>in</span> <span class='ocrx_word' id='word_1_359' title='bbox 1226 2425 1390 2455; x_wconf 62' lang='lat' dir='ltr'>modum?</span> <span class='ocrx_word' id='word_1_360' title='bbox 1430 2426 1519 2457; x_wconf 82' lang='lat' dir='ltr'>‘like</span> <span class='ocrx_word' id='word_1_361' title='bbox 1557 2429 1718 2459; x_wconf 64' lang='lat' dir='ltr'>onmnios!</span> 
     </span>
     <span class='ocr_line' id='line_1_38' title="bbox 118 2464 1717 2506; baseline 0.006 -13"><span class='ocrx_word' id='word_1_362' title='bbox 118 2464 255 2502; x_wconf 76' lang='lat' dir='ltr'>reading</span> <span class='ocrx_word' id='word_1_363' title='bbox 277 2464 314 2494; x_wconf 89' lang='lat' dir='ltr'>of</span> <span class='ocrx_word' id='word_1_364' title='bbox 333 2464 402 2494; x_wconf 84' lang='lat' dir='ltr'>Gl.</span> <span class='ocrx_word' id='word_1_365' title='bbox 449 2464 567 2504; x_wconf 82' lang='lat' dir='ltr'>Zumpt</span> <span class='ocrx_word' id='word_1_366' title='bbox 591 2464 690 2494; x_wconf 76' lang='lat' dir='ltr'>refers</span> <span class='ocrx_word' id='word_1_367' title='bbox 713 2467 748 2495; x_wconf 82' lang='lat' dir='ltr'>to</span> <span class='ocrx_word' id='word_1_368' title='bbox 768 2465 895 2495; x_wconf 78' lang='lat' dir='ltr'>various</span> <span class='ocrx_word' id='word_1_369' title='bbox 941 2466 1098 2506; x_wconf 79' lang='lat' dir='ltr'>Compare</span> <span class='ocrx_word' id='word_1_370' title='bbox 1129 2471 1138 2483; x_wconf 88' lang='lat'><em>‘</em></span> <span class='ocrx_word' id='word_1_371' title='bbox 1155 2467 1188 2497; x_wconf 90' lang='lat' dir='ltr'>in</span> <span class='ocrx_word' id='word_1_372' title='bbox 1219 2467 1361 2498; x_wconf 82' lang='lat' dir='ltr'>hostium</span> <span class='ocrx_word' id='word_1_373' title='bbox 1401 2470 1559 2505; x_wconf 84' lang='lat' dir='ltr'>numero,’</span> <span class='ocrx_word' id='word_1_374' title='bbox 1598 2482 1625 2501; x_wconf 78' lang='lat' dir='ltr'>c.</span> <span class='ocrx_word' id='word_1_375' title='bbox 1666 2473 1717 2502; x_wconf 82' lang='lat'>25.</span> 
     </span>
    </p>
   </div>
   <div class='ocr_carea' id='block_1_5' title="bbox 118 2506 1716 2637">
    <p class='ocr_par' dir='ltr' id='par_1_6' title="bbox 118 2506 1716 2637">
     <span class='ocr_line' id='line_1_39' title="bbox 118 2506 1716 2556; baseline 0.005 -20"><span class='ocrx_word' id='word_1_376' title='bbox 118 2507 228 2537; x_wconf 82' lang='lat' dir='ltr'>critics</span> <span class='ocrx_word' id='word_1_377' title='bbox 244 2506 316 2536; x_wconf 86' lang='lat' dir='ltr'>who</span> <span class='ocrx_word' id='word_1_378' title='bbox 331 2507 417 2537; x_wconf 83' lang='lat' dir='ltr'>show</span> <span class='ocrx_word' id='word_1_379' title='bbox 434 2507 509 2537; x_wconf 77' lang='lat' dir='ltr'>that</span> <span class='ocrx_word' id='word_1_380' title='bbox 527 2512 534 2524; x_wconf 83' lang='lat'><em>‘</em></span> <span class='ocrx_word' id='word_1_381' title='bbox 545 2517 735 2546; x_wconf 67' lang='lat' dir='ltr'>cognoscere</span> <span class='ocrx_word' id='word_1_382' title='bbox 746 2507 754 2519; x_wconf 93' lang='lat'><strong><em>’</em></strong></span> <span class='ocrx_word' id='word_1_383' title='bbox 776 2508 801 2538; x_wconf 78' lang='lat' dir='ltr'>is</span> <span class='ocrx_word' id='word_1_384' title='bbox 817 2508 893 2538; x_wconf 76' lang='lat' dir='ltr'>used</span> <span class='ocrx_word' id='word_1_385' title='bbox 938 2513 992 2530; x_wconf 93' lang='lat'>—‘</span> <span class='ocrx_word' id='word_1_386' title='bbox 1002 2520 1150 2540; x_wconf 74' lang='lat' dir='ltr'>aversum</span> <span class='ocrx_word' id='word_1_387' title='bbox 1163 2511 1182 2540; x_wconf 88' lang='lat'>:&#39;</span> <span class='ocrx_word' id='word_1_388' title='bbox 1217 2514 1226 2528; x_wconf 87' lang='lat'><em>‘</em></span> <span class='ocrx_word' id='word_1_389' title='bbox 1239 2511 1385 2552; x_wconf 72' lang='lat' dir='ltr'>wrongly</span> <span class='ocrx_word' id='word_1_390' title='bbox 1416 2513 1644 2553; x_wconf 77' lang='lat' dir='ltr'>appropriatod</span> <span class='ocrx_word' id='word_1_391' title='bbox 1675 2515 1716 2556; x_wconf 76' lang='lat' dir='ltr'>by</span> 
     </span>
     <span class='ocr_line' id='line_1_40' title="bbox 118 2549 1339 2591; baseline 0.003 -12"><span class='ocrx_word' id='word_1_392' title='bbox 118 2549 151 2579; x_wconf 88' lang='lat' dir='ltr'>in</span> <span class='ocrx_word' id='word_1_393' title='bbox 176 2549 233 2580; x_wconf 77' lang='lat' dir='ltr'>the</span> <span class='ocrx_word' id='word_1_394' title='bbox 248 2560 337 2579; x_wconf 74' lang='lat' dir='ltr'>sense</span> <span class='ocrx_word' id='word_1_395' title='bbox 353 2550 390 2579; x_wconf 77' lang='lat' dir='ltr'>of</span> <span class='ocrx_word' id='word_1_396' title='bbox 409 2550 622 2589; x_wconf 53' lang='lat' dir='ltr'>‘agnoscere’</span> <span class='ocrx_word' id='word_1_397' title='bbox 669 2551 735 2581; x_wconf 85' lang='lat' dir='ltr'>But</span> <span class='ocrx_word' id='word_1_398' title='bbox 758 2551 894 2591; x_wconf 77' lang='lat' dir='ltr'>perhaps</span> <span class='ocrx_word' id='word_1_399' title='bbox 939 2551 1077 2583; x_wconf 82' lang='lat' dir='ltr'>Vcrrcs.’</span> <span class='ocrx_word' id='word_1_400' title='bbox 1334 2573 1339 2574; x_wconf 33' lang='grc' dir='ltr'><em>ν</em></span> 
     </span>
     <span class='ocr_line' id='line_1_41' title="bbox 118 2592 1716 2637; baseline 0.004 -15"><span class='ocrx_word' id='word_1_401' title='bbox 118 2592 304 2631; x_wconf 74' lang='lat' dir='ltr'>something</span> <span class='ocrx_word' id='word_1_402' title='bbox 317 2603 404 2622; x_wconf 75' lang='lat' dir='ltr'>moro</span> <span class='ocrx_word' id='word_1_403' title='bbox 416 2593 442 2622; x_wconf 86' lang='lat' dir='ltr'>is</span> <span class='ocrx_word' id='word_1_404' title='bbox 454 2596 564 2623; x_wconf 84' lang='lat' dir='ltr'>meunt</span> <span class='ocrx_word' id='word_1_405' title='bbox 581 2593 661 2623; x_wconf 80' lang='lat' dir='ltr'>than</span> <span class='ocrx_word' id='word_1_406' title='bbox 677 2597 686 2610; x_wconf 89' lang='lat'><em>‘</em></span> <span class='ocrx_word' id='word_1_407' title='bbox 699 2595 893 2633; x_wconf 59' lang='lat' dir='ltr'>agnoscere!</span> <span class='ocrx_word' id='word_1_408' title='bbox 982 2597 1033 2626; x_wconf 83' lang='lat'>29.</span> <span class='ocrx_word' id='word_1_409' title='bbox 1056 2607 1090 2626; x_wconf 78' lang='lat' dir='ltr'>se</span> <span class='ocrx_word' id='word_1_410' title='bbox 1106 2596 1230 2637; x_wconf 79' lang='lat' dir='ltr'>induit]</span> <span class='ocrx_word' id='word_1_411' title='bbox 1278 2601 1287 2614; x_wconf 90' lang='lat'><em>‘</em></span> <span class='ocrx_word' id='word_1_412' title='bbox 1299 2597 1484 2637; x_wconf 63' lang='lat' dir='ltr'>Entnngled</span> <span class='ocrx_word' id='word_1_413' title='bbox 1508 2598 1657 2633; x_wconf 63' lang='lat' dir='ltr'>himselfi’</span> <span class='ocrx_word' id='word_1_414' title='bbox 1682 2611 1716 2631; x_wconf 75' lang='lat' dir='ltr'>as</span> 
     </span>
    </p>
   </div>
   <div class='ocr_carea' id='block_1_6' title="bbox 117 2635 1716 2882">
    <p class='ocr_par' dir='ltr' id='par_1_7' title="bbox 117 2635 1716 2844">
     <span class='ocr_line' id='line_1_42' title="bbox 120 2635 1716 2682; baseline 0.005 -17"><span class='ocrx_word' id='word_1_415' title='bbox 120 2635 159 2665; x_wconf 93' lang='lat' dir='ltr'>In</span> <span class='ocrx_word' id='word_1_416' title='bbox 177 2635 248 2665; x_wconf 89' lang='lat' dir='ltr'>Lib.</span> <span class='ocrx_word' id='word_1_417' title='bbox 266 2637 295 2665; x_wconf 81' lang='lat'>5.</span> <span class='ocrx_word' id='word_1_418' title='bbox 312 2645 338 2665; x_wconf 87' lang='lat' dir='ltr'>c.</span> <span class='ocrx_word' id='word_1_419' title='bbox 355 2636 408 2671; x_wconf 86' lang='lat'>65,</span> <span class='ocrx_word' id='word_1_420' title='bbox 431 2640 554 2675; x_wconf 79' lang='lat' dir='ltr'>‘ncqnc</span> <span class='ocrx_word' id='word_1_421' title='bbox 577 2646 701 2676; x_wconf 74' lang='lat' dir='ltr'>semper</span> <span class='ocrx_word' id='word_1_422' title='bbox 724 2647 797 2667; x_wconf 84' lang='lat' dir='ltr'>cum</span> <span class='ocrx_word' id='word_1_423' title='bbox 821 2648 894 2677; x_wconf 80' lang='lat' dir='ltr'>cog·</span> <span class='ocrx_word' id='word_1_424' title='bbox 938 2638 972 2668; x_wconf 89' lang='lat' dir='ltr'>in</span> <span class='ocrx_word' id='word_1_425' title='bbox 1001 2638 1071 2669; x_wconf 88' lang='lat' dir='ltr'>Lib.</span> <span class='ocrx_word' id='word_1_426' title='bbox 1098 2641 1128 2670; x_wconf 85' lang='lat'>2.</span> <span class='ocrx_word' id='word_1_427' title='bbox 1154 2651 1180 2670; x_wconf 82' lang='lat' dir='ltr'>c.</span> <span class='ocrx_word' id='word_1_428' title='bbox 1206 2642 1258 2675; x_wconf 68' lang='lat'>42,</span> <span class='ocrx_word' id='word_1_429' title='bbox 1287 2640 1359 2671; x_wconf 82' lang='lat' dir='ltr'>‘hic</span> <span class='ocrx_word' id='word_1_430' title='bbox 1384 2641 1492 2671; x_wconf 71' lang='lat' dir='ltr'>videto</span> <span class='ocrx_word' id='word_1_431' title='bbox 1517 2642 1549 2671; x_wconf 91' lang='lat' dir='ltr'>in</span> <span class='ocrx_word' id='word_1_432' title='bbox 1574 2653 1653 2682; x_wconf 79' lang='lat' dir='ltr'>qnos</span> <span class='ocrx_word' id='word_1_433' title='bbox 1683 2654 1716 2674; x_wconf 82' lang='lat' dir='ltr'>se</span> 
     </span>
     <span class='ocr_line' id='line_1_43' title="bbox 117 2678 1716 2722; baseline 0.005 -14"><span class='ocrx_word' id='word_1_434' title='bbox 117 2678 278 2708; x_wconf 81' lang='lat' dir='ltr'>nitoribus</span> <span class='ocrx_word' id='word_1_435' title='bbox 302 2689 368 2708; x_wconf 74' lang='lat' dir='ltr'>esso</span> <span class='ocrx_word' id='word_1_436' title='bbox 391 2679 543 2718; x_wconf 78' lang='lat' dir='ltr'>possunt&#39;</span> <span class='ocrx_word' id='word_1_437' title='bbox 567 2689 688 2714; x_wconf 77' lang='lat' dir='ltr'>occurs,</span> <span class='ocrx_word' id='word_1_438' title='bbox 712 2680 776 2710; x_wconf 81' lang='lat' dir='ltr'>und</span> <span class='ocrx_word' id='word_1_439' title='bbox 800 2684 893 2720; x_wconf 75' lang='lat' dir='ltr'>‘cog-</span> <span class='ocrx_word' id='word_1_440' title='bbox 938 2681 1066 2722; x_wconf 76' lang='lat' dir='ltr'>laqueos</span> <span class='ocrx_word' id='word_1_441' title='bbox 1091 2683 1232 2713; x_wconf 71' lang='lat' dir='ltr'>induerit</span> <span class='ocrx_word' id='word_1_442' title='bbox 1246 2683 1265 2718; x_wconf 84' lang='lat'>;’</span> <span class='ocrx_word' id='word_1_443' title='bbox 1289 2683 1353 2713; x_wconf 81' lang='lat' dir='ltr'>and</span> <span class='ocrx_word' id='word_1_444' title='bbox 1378 2683 1449 2713; x_wconf 87' lang='lat' dir='ltr'>Lib.</span> <span class='ocrx_word' id='word_1_445' title='bbox 1469 2686 1498 2714; x_wconf 81' lang='lat'>5.</span> <span class='ocrx_word' id='word_1_446' title='bbox 1515 2695 1542 2714; x_wconf 75' lang='lat' dir='ltr'>c.</span> <span class='ocrx_word' id='word_1_447' title='bbox 1559 2685 1612 2719; x_wconf 63' lang='lat' dir='ltr'>Gi.</span> <span class='ocrx_word' id='word_1_448' title='bbox 1638 2690 1716 2717; x_wconf 78' lang='lat' dir='ltr'>‘sna</span> 
     </span>
     <span class='ocr_line' id='line_1_44' title="bbox 117 2721 1713 2768; baseline 0.004 -17"><span class='ocrx_word' id='word_1_449' title='bbox 117 2723 263 2751; x_wconf 75' lang='lat' dir='ltr'>nosceret</span> <span class='ocrx_word' id='word_1_450' title='bbox 278 2721 464 2751; x_wconf 56' lang='lat' dir='ltr'>hominem?</span> <span class='ocrx_word' id='word_1_451' title='bbox 512 2721 543 2752; x_wconf 86' lang='lat' dir='ltr'>lt</span> <span class='ocrx_word' id='word_1_452' title='bbox 559 2732 659 2752; x_wconf 80' lang='lat' dir='ltr'>seems</span> <span class='ocrx_word' id='word_1_453' title='bbox 675 2725 710 2752; x_wconf 78' lang='lat' dir='ltr'>to</span> <span class='ocrx_word' id='word_1_454' title='bbox 726 2733 818 2753; x_wconf 77' lang='lat' dir='ltr'>monn</span> <span class='ocrx_word' id='word_1_455' title='bbox 837 2724 894 2754; x_wconf 85' lang='lat' dir='ltr'>the</span> <span class='ocrx_word' id='word_1_456' title='bbox 938 2725 1135 2756; x_wconf 77' lang='lat' dir='ltr'>confessione</span> <span class='ocrx_word' id='word_1_457' title='bbox 1158 2726 1336 2759; x_wconf 74' lang='lat' dir='ltr'>in‹luatnr,¹</span> <span class='ocrx_word' id='word_1_458' title='bbox 1361 2726 1416 2756; x_wconf 71' lang='lat' dir='ltr'>&amp;c-</span> <span class='ocrx_word' id='word_1_459' title='bbox 1462 2727 1579 2758; x_wconf 69' lang='lat' dir='ltr'>Caesar</span> <span class='ocrx_word' id='word_1_460' title='bbox 1604 2729 1656 2768; x_wconf 81' lang='grc' dir='ltr'>(Β.</span> <span class='ocrx_word' id='word_1_461' title='bbox 1674 2730 1713 2760; x_wconf 74' lang='lat' dir='ltr'>G.</span> 
     </span>
     <span class='ocr_line' id='line_1_45' title="bbox 117 2764 1715 2809; baseline 0.006 -16"><span class='ocrx_word' id='word_1_462' title='bbox 117 2764 319 2803; x_wconf 81' lang='lat' dir='ltr'>recognition</span> <span class='ocrx_word' id='word_1_463' title='bbox 344 2764 381 2794; x_wconf 79' lang='lat' dir='ltr'>of</span> <span class='ocrx_word' id='word_1_464' title='bbox 402 2775 421 2794; x_wconf 83' lang='lat' dir='ltr'>a</span> <span class='ocrx_word' id='word_1_465' title='bbox 444 2774 520 2794; x_wconf 83' lang='lat' dir='ltr'>man</span> <span class='ocrx_word' id='word_1_466' title='bbox 545 2765 587 2805; x_wconf 82' lang='lat' dir='ltr'>by</span> <span class='ocrx_word' id='word_1_467' title='bbox 612 2765 749 2796; x_wconf 77' lang='lat' dir='ltr'>another</span> <span class='ocrx_word' id='word_1_468' title='bbox 772 2766 844 2797; x_wconf 87' lang='lat' dir='ltr'>who</span> <span class='ocrx_word' id='word_1_469' title='bbox 867 2767 894 2797; x_wconf 89' lang='lat' dir='ltr'>is</span> <span class='ocrx_word' id='word_1_470' title='bbox 938 2768 992 2798; x_wconf 90' lang='lat' dir='ltr'>vii.</span> <span class='ocrx_word' id='word_1_471' title='bbox 1019 2768 1074 2808; x_wconf 87' lang='lat'>73)</span> <span class='ocrx_word' id='word_1_472' title='bbox 1101 2769 1221 2805; x_wconf 81' lang='lat' dir='ltr'>writes,</span> <span class='ocrx_word' id='word_1_473' title='bbox 1248 2773 1299 2799; x_wconf 76' lang='lat' dir='ltr'>‘se</span> <span class='ocrx_word' id='word_1_474' title='bbox 1323 2769 1381 2809; x_wconf 76' lang='lat' dir='ltr'>ipsi</span> <span class='ocrx_word' id='word_1_475' title='bbox 1407 2770 1601 2802; x_wconf 79' lang='lat' dir='ltr'>acutissimis</span> <span class='ocrx_word' id='word_1_476' title='bbox 1624 2772 1715 2803; x_wconf 77' lang='lat' dir='ltr'>vallis</span> 
     </span>
     <span class='ocr_line' id='line_1_46' title="bbox 117 2806 1463 2844; baseline 0.005 -8"><span class='ocrx_word' id='word_1_477' title='bbox 117 2806 250 2837; x_wconf 77' lang='lat' dir='ltr'>himself</span> <span class='ocrx_word' id='word_1_478' title='bbox 262 2807 332 2838; x_wconf 87' lang='lat' dir='ltr'>well</span> <span class='ocrx_word' id='word_1_479' title='bbox 342 2806 470 2843; x_wconf 82' lang='lat' dir='ltr'>known,</span> <span class='ocrx_word' id='word_1_480' title='bbox 483 2807 547 2838; x_wconf 80' lang='lat' dir='ltr'>and</span> <span class='ocrx_word' id='word_1_481' title='bbox 557 2808 745 2840; x_wconf 75' lang='lat' dir='ltr'>asufficient</span> <span class='ocrx_word' id='word_1_482' title='bbox 754 2810 894 2842; x_wconf 84' lang='lat' dir='ltr'>vouchcr</span> <span class='ocrx_word' id='word_1_483' title='bbox 937 2810 1139 2842; x_wconf 64' lang='lat' dir='ltr'>induebant!</span> <span class='ocrx_word' id='word_1_484' title='bbox 1185 2812 1244 2843; x_wconf 83' lang='lat' dir='ltr'>Sec</span> <span class='ocrx_word' id='word_1_485' title='bbox 1259 2812 1326 2843; x_wconf 76' lang='lat' dir='ltr'>also</span> <span class='ocrx_word' id='word_1_486' title='bbox 1341 2812 1395 2842; x_wconf 82' lang='lat' dir='ltr'>vii.</span> <span class='ocrx_word' id='word_1_487' title='bbox 1410 2814 1463 2844; x_wconf 79' lang='lat'>82.</span> 
     </span>
    </p>

    <p class='ocr_par' dir='ltr' id='par_1_8' title="bbox 122 2849 642 2882">
     <span class='ocr_line' id='line_1_47' title="bbox 122 2849 642 2882; baseline 0.002 -2"><span class='ocrx_word' id='word_1_488' title='bbox 122 2849 173 2881; x_wconf 85' lang='lat' dir='ltr'>for</span> <span class='ocrx_word' id='word_1_489' title='bbox 188 2850 246 2881; x_wconf 87' lang='lat' dir='ltr'>the</span> <span class='ocrx_word' id='word_1_490' title='bbox 262 2850 431 2882; x_wconf 78' lang='lat' dir='ltr'>character</span> <span class='ocrx_word' id='word_1_491' title='bbox 446 2850 483 2881; x_wconf 82' lang='lat' dir='ltr'>of</span> <span class='ocrx_word' id='word_1_492' title='bbox 494 2851 642 2882; x_wconf 80' lang='lat' dir='ltr'>another.</span> 
     </span>
    </p>
   </div>
  </div>
 </body>
</html>
