1849 3167
108 142 193 183 266
239 173 247 182 .
690 139 759 183 IN
790 139 836 182 O.
868 139 1123 182 VERREM

110 253 311 296 Censores
332 252 502 308 quidem
523 252 598 308 qui
617 252 753 308 magis
773 267 901 308 quam
922 252 1077 293 aediles
1091 251 1111 292 P
1161 250 1227 294 Ob
1246 252 1532 296 beneficium?
1588 255 1704 310 Ergo

108 320 188 360 hoc
220 319 406 360 fatebere
439 319 512 360 abs
546 323 588 359 te
623 318 725 359 haec
760 318 894 372 petita
934 332 1043 366 esse3
1086 331 1188 358 nam
1226 322 1368 372 empta
1406 333 1492 360 non
1531 320 1704 361 audebis

107 385 270 426 dicere:
311 389 354 426 te
384 399 453 425 eos
486 383 761 439 magistratus
793 381 1035 423 hominibus
1066 381 1261 423 beneficii
1294 397 1380 424 non
1411 384 1474 425 rei
1509 385 1703 439 publicae

109 465 233 491 causa
270 449 544 505 permisisse?
603 449 698 489 Hoc
731 462 862 503 quum
901 451 992 487 tute
1024 446 1196 496 fateare,
1233 447 1457 502 quisquam
1490 449 1705 490 dubitabit

108 515 213 570 quin
236 520 285 556 tu
304 515 430 556 istam
460 514 573 568 apud
592 513 767 568 populos
788 511 1031 566 provinciae
1051 511 1181 553 totius
1201 512 1408 553 invidiam
1429 518 1555 568 atque
1575 513 1702 554 offen-

108 581 281 630 sionem,
322 596 409 622 non
449 579 691 620 ambitionis
730 592 868 632 neque
907 576 1208 618 beneficiorum
1248 577 1598 627 collocandorum,
1633 579 1706 619 sed

107 646 310 700 pecuniae
337 644 624 686 conciliandae
648 657 772 683 causa
796 641 1060 695 susceperis?
1119 641 1272 696 Itaque
1298 641 1364 682 illi
1384 657 1574 683 censores
1595 642 1703 684 fece-

107 715 210 751 runt
239 710 352 750 idem
379 708 491 764 quod
518 708 564 748 in
590 712 734 748 nostra
758 722 804 747 re
831 706 1001 761 publica
1024 706 1161 747 solent
1187 706 1219 746 ii
1243 706 1317 761 qui
1337 721 1413 761 per
1432 706 1705 762 largitionem

106 775 382 830 magistratus
428 772 572 827 adepti
611 776 733 813 sunt:
785 772 994 812 dederunt
1034 786 1206 826 operam
1252 777 1301 812 ut
1344 771 1405 812 ita
1454 777 1705 826 potestatem

108 844 305 894 gererent
336 843 384 879 ut
418 837 537 878 illam
571 837 768 878 lacunam
807 837 870 877 rei
904 836 1127 877 familiaris
1160 836 1392 890 explerent.
1453 836 1523 877 Sic
1556 852 1704 878 census

106 904 276 944 habitus
311 907 374 944 est
412 907 455 943 te
489 907 682 957 praetore
711 907 760 943 ut
795 917 842 942 eo
873 916 1001 942 censu
1034 901 1194 942 nullius
1223 901 1409 942 civitatis
1438 916 1504 942 res
1534 902 1706 956 publica

106 972 245 1022 posset
265 967 569 1008 administrari.
629 967 745 1008 Nam
767 966 1088 1021 locupletissimi
1112 966 1314 1021 cujusque
1335 981 1507 1007 censum
1527 972 1704 1007 extenu-

107 1037 241 1081 arant,
264 1032 503 1073 tenuissimi
523 1036 743 1073 auxerant.
802 1031 956 1086 Itaque
983 1031 1030 1071 in
1053 1031 1225 1072 tributis
1248 1031 1508 1085 imperandis
1535 1036 1706 1072 tantum

107 1097 245 1138 oneris
274 1096 390 1152 plebi
428 1096 726 1151 imponebatur
760 1100 820 1145 ut,
853 1095 1020 1137 etiamsi
1050 1095 1243 1137 homines
1274 1101 1476 1145 tacerent,
1508 1110 1574 1137 res
1613 1095 1705 1150 ipsa

106 1161 230 1202 illum
249 1176 422 1202 censum
441 1161 707 1216 repudiaret:
736 1160 782 1201 id
801 1161 914 1216 quod
934 1159 1122 1216 intelligi
1142 1160 1343 1202 facillime
1363 1176 1409 1201 re
1428 1160 1521 1215 ipsa
1539 1164 1691 1215 potest.

164 1226 283 1267 LVI.
316 1226 430 1268 Nam
449 1226 499 1266 L.
523 1225 722 1266 Metellus
742 1225 827 1280 qui,
850 1231 1125 1280 posteaquam
1145 1240 1224 1280 ego
1244 1225 1489 1280 inquirendi
1509 1240 1633 1266 causa
1659 1225 1706 1265 in

108 1290 297 1331 Siciliam
326 1290 436 1339 veni,
463 1295 636 1344 repente
659 1290 708 1330 L.
732 1289 880 1330 Letilii
910 1291 1096 1331 adventu
1125 1290 1247 1330 istius
1276 1305 1363 1331 non
1392 1290 1516 1331 modo
1547 1289 1706 1330 amicus

106 1370 256 1397 verum
276 1355 405 1396 etiam
424 1360 629 1410 cognatus
648 1354 785 1396 factus
805 1359 892 1404 est;
925 1354 961 1395 is
982 1355 1096 1409 quod
1115 1354 1288 1395 videbat
1312 1354 1433 1395 istius
1454 1368 1582 1395 censu
1601 1353 1706 1394 stari

107 1420 226 1461 nullo
245 1421 369 1461 modo
388 1435 520 1474 posse,
543 1435 640 1460 eum
660 1435 832 1461 censum
861 1420 1075 1462 observari
1100 1419 1228 1475 jussit
1257 1420 1331 1474 qui
1354 1419 1446 1461 viro
1476 1420 1704 1461 fortissimo

107 1490 235 1540 atque
255 1484 600 1526 innocentissimo
621 1484 716 1526 Sex.
740 1485 959 1526 Peducaeo
982 1490 1176 1540 praetore
1196 1485 1367 1525 habitus
1388 1490 1506 1526 esset.
1567 1484 1706 1526 Erant

107 1550 223 1591 enim
249 1555 342 1590 tum
366 1564 555 1591 censores
584 1549 751 1605 legibus
777 1550 892 1599 facti,
916 1550 1068 1591 delecti
1094 1565 1118 1590 a
1145 1549 1230 1590 suis
1251 1549 1520 1599 civitatibus3
1552 1549 1705 1604 quibus

108 1615 143 1656 si
170 1614 274 1669 quid
294 1614 599 1655 commisissent
628 1629 786 1669 poenae
816 1615 982 1669 legibus
1006 1619 1127 1655 erant
1148 1614 1413 1655 constitutae.
1475 1614 1534 1654 Te
1564 1619 1706 1655 autem

106 1684 311 1734 praetore,
353 1679 447 1734 quis
488 1694 634 1720 censor
675 1684 748 1720 aut
790 1680 931 1734 legem
970 1684 1177 1720 metueret
1217 1694 1300 1733 qua
1339 1694 1427 1720 non
1465 1679 1703 1729 tenebatur,

107 1744 308 1799 quoniam
328 1749 492 1786 creatus
522 1744 617 1799 lege
644 1759 730 1785 non
752 1750 854 1794 erat,
878 1749 951 1785 aut
981 1743 1390 1785 animadversionem
1419 1747 1550 1793 tuam,
1573 1759 1706 1798 quum

106 1810 152 1850 id
172 1810 285 1864 quod
312 1810 384 1850 abs
411 1814 453 1851 te
480 1814 640 1851 emerat
660 1810 953 1850 vendidisset?
1013 1808 1173 1850 Teneat
1195 1809 1287 1863 jam
1314 1823 1413 1849 sane
1439 1823 1554 1849 meos
1577 1812 1704 1849 testes

107 1874 330 1924 Metellus;
367 1879 492 1929 cogat
523 1874 627 1915 alios
658 1874 831 1916 laudare
863 1874 971 1915 sicut
1003 1874 1049 1914 in
1080 1873 1227 1915 multis
1254 1878 1428 1914 conatus
1458 1877 1544 1923 est;
1580 1873 1705 1914 modo

106 1939 211 1980 haec
231 1939 359 1980 faciat
379 1954 485 1994 quae
506 1939 620 1980 facit.
683 1939 788 1985 Quis
809 1939 925 1980 enim
953 1954 1143 1994 unquam
1172 1943 1292 1979 tanta
1323 1953 1347 1979 a
1373 1953 1586 1993 quoquam
1606 1953 1703 1979 con-

107 2004 294 2053 tumelia,
317 2004 411 2059 quis
440 2008 561 2045 tanta
589 2004 828 2060 ignominia
851 2004 1024 2046 affectus
1054 2004 1150 2045 est?
1211 2003 1370 2049 Quinto
1397 2018 1563 2058 quoque
1593 2018 1704 2044 anno

146 2118 306 2158 pecuniae
335 2118 560 2149 conciliandae
590 2117 663 2159 egen]
723 2119 793 2149 ‘for
826 2118 884 2149 the

108 2171 247 2201 purpose
263 2161 299 2191 of
310 2162 442 2201 getting
456 2162 594 2202 money?

154 2204 274 2242 Itaque
289 2203 358 2243 illel]
407 2204 443 2233 If
453 2214 501 2234 we
516 2204 633 2243 picked
649 2206 707 2235 out
722 2204 759 2235 of
771 2204 883 2235 Cicero

926 2118 1019 2159 high.
1072 2118 1162 2158 They
1192 2127 1276 2147 were
1306 2117 1471 2147 dishonest
1501 2126 1586 2146 111611.
1636 2116 1704 2147 The

927 2162 1040 2201 rating
1055 2161 1092 2191 of
1103 2160 1214 2200 people
1230 2160 1264 2189 111
1279 2162 1406 2199 respect
1421 2159 1458 2189 of
1473 2159 1560 2194 land,
1576 2159 1702 2196 houses,

929 2205 993 2234 and
1008 2204 1144 2239 income,
1158 2203 1207 2233 for
1217 2202 1274 2232 the
1286 2212 1439 2241 purposes
1451 2201 1487 2231 of
1499 2201 1658 2237 taxation,
1676 2202 1702 2231 15

111 2245 153 2276 all
169 2246 218 2275 his
234 2246 378 2285 political
394 2246 548 2282 remarks,
565 2247 658 2277 there
674 2247 781 2277 would
803 2248 843 2277 be
866 2258 885 2277 a

109 2289 199 2328 large
229 2291 315 2319 store
346 2289 382 2318 of
407 2292 482 2319 true
512 2289 624 2329 things
655 2290 723 2320 said
753 2290 788 2320 111
825 2292 882 2329 apt

108 2331 224 2361 words.
288 2331 356 2361 The
394 2331 520 2361 Roman
556 2332 651 2362 knew
688 2342 763 2362 men
799 2332 882 2362 well.

109 2374 212 2404 Those
238 2374 311 2404 who
337 2376 393 2413 get
417 2374 507 2413 place
529 2385 565 2404 or
587 2376 676 2405 office
700 2375 743 2415 by
766 2385 881 2415 money

109 2417 176 2447 will
191 2417 268 2447 take
285 2427 367 2452 care,
384 2416 413 2446 if
429 2417 507 2457 they
525 2427 594 2453 ean,
611 2420 646 2447 to
662 2428 760 2458 repay
776 2418 882 2448 them-

109 2460 209 2490 selves
235 2460 269 2489 in
293 2469 379 2489 some
406 2470 486 2499 way.
533 2460 622 2500 They
652 2460 733 2490 have
755 2460 883 2500 bought

110 2502 197 2533 their
213 2503 313 2543 place,
327 2502 390 2532 and
406 2502 484 2542 they
496 2502 561 2532 will
575 2503 657 2532 have
667 2503 754 2532 their
766 2513 882 2543 money

109 2545 193 2576 back
230 2545 311 2575 with
341 2545 488 2575 interest.
542 2545 595 2574 All
628 2546 882 2584 representative

110 2588 291 2619 assemblies
307 2588 438 2618 contain
453 2587 531 2617 such
546 2598 631 2617 men.

155 2630 380 2671 [afflationem]
405 2630 482 2660 This
494 2630 583 2660 word
598 2630 624 2660 is
639 2630 816 2670 peculial-ly
829 2640 883 2669 ap-

110 2674 197 2714 plied
220 2677 255 2704 to
277 2674 335 2704 the
358 2674 479 2704 offence
502 2673 539 2703 of
558 2673 743 2708 ‘ambitus,'
768 2683 804 2702 or
826 2673 884 2703 the

111 2717 275 2756 soliciting
298 2719 388 2746 votes
410 2716 453 2756 by
476 2716 585 2756 illegal
607 2726 727 2745 means.
774 2715 807 2745 It
822 2715 849 2745 is
865 2726 884 2745 a

110 2769 204 2789 name
220 2760 270 2789 for
285 2759 425 2799 bribery.
471 2758 537 2789 Cic.
559 2759 607 2789 De
624 2758 679 2788 Or.
696 2758 729 2787 ii.
746 2758 797 2788 25.

154 2813 280 2832 censum
310 2801 556 2842 extenuaranffl
618 2801 720 2831 These
758 2810 885 2831 censors

110 2845 205 2875 rated
227 2845 284 2875 the
307 2845 377 2875 rich
401 2848 455 2875 too
478 2845 539 2875 low
562 2844 626 2875 and
648 2844 705 2875 the
728 2854 805 2883 poor
829 2845 884 2873 too

928 2247 1034 2286 faulty
1050 2246 1085 2276 111
1099 2247 1185 2276 most
1201 2245 1374 2280 countries,
1398 2244 1507 2284 partly
1531 2244 1615 2274 from
1638 2244 1702 2274 dis-

928 2290 1076 2329 honesty‚
1092 2288 1201 2328 partly
1217 2287 1301 2317 from
1317 2297 1335 2316 a
1351 2287 1415 2316 bad
1430 2289 1562 2326 system.

971 2331 1113 2361 homines
1130 2329 1302 2369 Moeram]
1350 2329 1449 2359 Klotz
1472 2329 1530 2359 has
1555 2329 1702 2359 ‘onmes'

927 2374 1010 2404 from
1041 2374 1082 2403 V.
1137 2373 1238 2402 These
1268 2372 1372 2402 words
1410 2382 1464 2402 are
1501 2372 1593 2402 often
1630 2383 1704 2403 eon-

926 2416 1079 2447 founded.

971 2460 1022 2490 56.
1046 2468 1139 2488 censu
1161 2456 1265 2497 stari]
1313 2457 1380 2487 The
1399 2467 1547 2487 common
1567 2458 1704 2498 reading

926 2501 953 2531 is
984 2506 1134 2531 ‘censum
1164 2500 1272 2530 stare?
1318 2500 1348 2529 V
1373 2500 1431 2530 has
1457 2504 1574 2530 ‘censu
1599 2501 1702 2531 stari?

927 2544 952 2574 F
969 2544 1006 2574 M
1022 2544 1103 2574 have
1120 2547 1128 2559 ‘
1141 2553 1254 2573 census
1269 2543 1371 2572 stari.³
1417 2543 1484 2573 The
1497 2543 1591 2573 other
1607 2543 1703 2573 MSS.

926 2587 1008 2617 have
1025 2590 1034 2603 ‘
1044 2597 1174 2616 censum
1189 2585 1298 2616 stare?

977 2629 1096 2668 Quinto
1114 2627 1251 2669 quoque]
1300 2628 1404 2658 There
1420 2639 1503 2659 were
1519 2629 1594 2668 only
1609 2628 1704 2658 three

929 2672 1014 2702 clear
1029 2682 1121 2712 years
1136 2672 1284 2701 between
1300 2671 1356 2701 the
1380 2682 1493 2701 census
1516 2671 1620 2701 under
1643 2671 1702 2701 Pe-

928 2715 1069 2744 ducaeus
1085 2715 1148 2744 and
1169 2714 1244 2744 that
1260 2714 1364 2744 under
1380 2713 1508 2743 Verres.
1554 2714 1622 2743 But
1645 2714 1702 2743 the

928 2757 1066 2787 number
1092 2757 1205 2787 ‘fifth'
1233 2757 1259 2786 is
1285 2757 1378 2786 made
1403 2757 1446 2796 by
1473 2756 1702 2795 enumerating

928 2800 985 2830 the
1010 2800 1239 2830 intermediate
1262 2810 1355 2840 years
1379 2799 1444 2829 and
1473 2799 1530 2829 the
1560 2801 1627 2829 two
1649 2809 1702 2829 ex-

928 2845 1058 2874 tremes.
1104 2843 1273 2883 (Savigny,
1291 2842 1429 2883 System,
1445 2841 1488 2872 iv.
1504 2841 1594 2882 605.)
