<?xml version="1.0" encoding="UTF-8"?>
<!DOCTYPE html PUBLIC "-//W3C//DTD XHTML 1.0 Transitional//EN"
    "http://www.w3.org/TR/xhtml1/DTD/xhtml1-transitional.dtd">
<html xmlns="http://www.w3.org/1999/xhtml" xml:lang="en" lang="en">
 <head>
  <title>
</title>
<meta http-equiv="Content-Type" content="text/html;charset=utf-8" />
  <meta name='ocr-system' content='tesseract 3.04.00' />
  <meta name='ocr-capabilities' content='ocr_page ocr_carea ocr_par ocr_line ocrx_word'/>
</head>
<body>
  <div class='ocr_page' id='page_1' title='image "./orationeswithcom01ciceuoft/orationeswithcom01ciceuoft_0323.png"; bbox 0 0 1849 3167; ppageno 0'>
   <div class='ocr_carea' id='block_1_1' title="bbox 470 112 1641 163">
    <p class='ocr_par' dir='ltr' id='par_1_1' title="bbox 470 112 1641 163">
     <span class='ocr_line' id='line_1_1' title="bbox 470 112 1641 163; baseline -0.006 -2"><span class='ocrx_word' id='word_1_1' title='bbox 470 119 599 163; x_wconf 82' lang='lat' dir='ltr'>AOT.</span> <span class='ocrx_word' id='word_1_2' title='bbox 630 120 695 162; x_wconf 88' lang='lat' dir='ltr'>II.</span> <span class='ocrx_word' id='word_1_3' title='bbox 727 118 914 161; x_wconf 84' lang='lat' dir='ltr'>LIBER</span> <span class='ocrx_word' id='word_1_4' title='bbox 945 116 1212 159; x_wconf 81' lang='lat' dir='ltr'><strong>TERTIUS.</strong></span> <span class='ocrx_word' id='word_1_5' title='bbox 1558 112 1641 154; x_wconf 85' lang='lat'>305</span> 
     </span>
    </p>
   </div>
   <div class='ocr_carea' id='block_1_2' title="bbox 45 228 1697 2335">
    <p class='ocr_par' dir='ltr' id='par_1_2' title="bbox 45 228 1644 672">
     <span class='ocr_line' id='line_1_2' title="bbox 45 228 1642 291; baseline -0.006 -15"><span class='ocrx_word' id='word_1_6' title='bbox 45 234 311 276; x_wconf 83' lang='lat' dir='ltr'>commoveri.</span> <span class='ocrx_word' id='word_1_7' title='bbox 383 233 535 291; x_wconf 86' lang='lat' dir='ltr'>Itaque</span> <span class='ocrx_word' id='word_1_8' title='bbox 567 236 763 277; x_wconf 82' lang='lat' dir='ltr'>decumas</span> <span class='ocrx_word' id='word_1_9' title='bbox 796 234 892 290; x_wconf 88' lang='lat' dir='ltr'>lege</span> <span class='ocrx_word' id='word_1_10' title='bbox 926 232 1159 275; x_wconf 80' lang='lat' dir='ltr'>Hieronica</span> <span class='ocrx_word' id='word_1_11' title='bbox 1199 245 1363 285; x_wconf 83' lang='lat' dir='ltr'>semper</span> <span class='ocrx_word' id='word_1_12' title='bbox 1393 228 1642 270; x_wconf 78' lang='lat' dir='ltr'>vendundas</span> 
     </span>
     <span class='ocr_line' id='line_1_3' title="bbox 46 292 1643 357; baseline -0.006 -15"><span class='ocrx_word' id='word_1_13' title='bbox 46 305 299 342; x_wconf 89' lang='lat' dir='ltr'>censuerunt</span> <span class='ocrx_word' id='word_1_14' title='bbox 321 304 367 341; x_wconf 89' lang='lat' dir='ltr'>ut</span> <span class='ocrx_word' id='word_1_15' title='bbox 388 301 439 357; x_wconf 74' lang='lat' dir='ltr'>iis</span> <span class='ocrx_word' id='word_1_16' title='bbox 455 302 683 357; x_wconf 82' lang='lat' dir='ltr'>jucundior</span> <span class='ocrx_word' id='word_1_17' title='bbox 704 305 810 342; x_wconf 89' lang='lat' dir='ltr'>esset</span> <span class='ocrx_word' id='word_1_18' title='bbox 830 300 1018 341; x_wconf 89' lang='lat' dir='ltr'>muneris</span> <span class='ocrx_word' id='word_1_19' title='bbox 1038 298 1153 339; x_wconf 91' lang='lat' dir='ltr'>illius</span> <span class='ocrx_word' id='word_1_20' title='bbox 1174 296 1347 345; x_wconf 88' lang='lat' dir='ltr'>functio,</span> <span class='ocrx_word' id='word_1_21' title='bbox 1363 294 1398 336; x_wconf 92' lang='lat' dir='ltr'>si</span> <span class='ocrx_word' id='word_1_22' title='bbox 1419 294 1508 350; x_wconf 88' lang='lat' dir='ltr'>ejus</span> <span class='ocrx_word' id='word_1_23' title='bbox 1529 292 1643 349; x_wconf 87' lang='lat' dir='ltr'>regis</span> 
     </span>
     <span class='ocr_line' id='line_1_4' title="bbox 46 359 1640 422; baseline -0.005 -15"><span class='ocrx_word' id='word_1_24' title='bbox 46 366 120 422; x_wconf 90' lang='lat' dir='ltr'>qui</span> <span class='ocrx_word' id='word_1_25' title='bbox 141 366 292 408; x_wconf 82' lang='lat' dir='ltr'>Siculis</span> <span class='ocrx_word' id='word_1_26' title='bbox 314 367 552 409; x_wconf 87' lang='lat' dir='ltr'>carissimus</span> <span class='ocrx_word' id='word_1_27' title='bbox 572 367 655 408; x_wconf 88' lang='lat' dir='ltr'>fuit</span> <span class='ocrx_word' id='word_1_28' title='bbox 679 382 766 408; x_wconf 89' lang='lat' dir='ltr'>non</span> <span class='ocrx_word' id='word_1_29' title='bbox 793 366 928 408; x_wconf 90' lang='lat' dir='ltr'>solum</span> <span class='ocrx_word' id='word_1_30' title='bbox 954 365 1152 407; x_wconf 88' lang='lat' dir='ltr'>instituta</span> <span class='ocrx_word' id='word_1_31' title='bbox 1173 366 1429 404; x_wconf 88' lang='lat' dir='ltr'>commutato</span> <span class='ocrx_word' id='word_1_32' title='bbox 1450 359 1640 414; x_wconf 89' lang='lat' dir='ltr'>imperio,</span> 
     </span>
     <span class='ocr_line' id='line_1_5' title="bbox 45 429 1643 488; baseline -0.006 -14"><span class='ocrx_word' id='word_1_33' title='bbox 45 449 195 474; x_wconf 87' lang='lat' dir='ltr'>verum</span> <span class='ocrx_word' id='word_1_34' title='bbox 225 433 354 474; x_wconf 84' lang='lat' dir='ltr'>etiam</span> <span class='ocrx_word' id='word_1_35' title='bbox 383 449 538 475; x_wconf 86' lang='lat' dir='ltr'>nomen</span> <span class='ocrx_word' id='word_1_36' title='bbox 568 437 771 475; x_wconf 88' lang='lat' dir='ltr'>maneret.</span> <span class='ocrx_word' id='word_1_37' title='bbox 833 432 928 473; x_wconf 90' lang='lat' dir='ltr'>Hoc</span> <span class='ocrx_word' id='word_1_38' title='bbox 951 432 1047 488; x_wconf 85' lang='lat' dir='ltr'>jure</span> <span class='ocrx_word' id='word_1_39' title='bbox 1072 435 1170 472; x_wconf 86' lang='lat' dir='ltr'>ante</span> <span class='ocrx_word' id='word_1_40' title='bbox 1193 429 1374 470; x_wconf 85' lang='lat' dir='ltr'>Verrem</span> <span class='ocrx_word' id='word_1_41' title='bbox 1405 431 1643 482; x_wconf 79' lang='lat' dir='ltr'>praetorem</span> 
     </span>
     <span class='ocr_line' id='line_1_6' title="bbox 47 490 1644 554; baseline -0.006 -14"><span class='ocrx_word' id='word_1_42' title='bbox 47 498 178 540; x_wconf 85' lang='lat' dir='ltr'>Siculi</span> <span class='ocrx_word' id='word_1_43' title='bbox 199 514 363 554; x_wconf 82' lang='lat' dir='ltr'>semper</span> <span class='ocrx_word' id='word_1_44' title='bbox 379 499 444 540; x_wconf 88' lang='lat' dir='ltr'>usi</span> <span class='ocrx_word' id='word_1_45' title='bbox 460 504 558 540; x_wconf 92' lang='lat' dir='ltr'>sunt</span> <span class='ocrx_word' id='word_1_46' title='bbox 575 515 583 540; x_wconf 91' lang='lat'><strong>:</strong></span> <span class='ocrx_word' id='word_1_47' title='bbox 606 499 677 540; x_wconf 92' lang='lat' dir='ltr'>hic</span> <span class='ocrx_word' id='word_1_48' title='bbox 689 498 850 554; x_wconf 90' lang='lat' dir='ltr'>primus</span> <span class='ocrx_word' id='word_1_49' title='bbox 864 498 1061 539; x_wconf 84' lang='lat' dir='ltr'>instituta</span> <span class='ocrx_word' id='word_1_50' title='bbox 1076 495 1279 544; x_wconf 90' lang='lat' dir='ltr'>omnium,</span> <span class='ocrx_word' id='word_1_51' title='bbox 1297 490 1644 535; x_wconf 74' lang='lat' dir='ltr'>consuetudinem</span> 
     </span>
     <span class='ocr_line' id='line_1_7' title="bbox 48 555 1642 622; baseline -0.006 -17"><span class='ocrx_word' id='word_1_52' title='bbox 48 580 72 605; x_wconf 87' lang='lat' dir='ltr'>a</span> <span class='ocrx_word' id='word_1_53' title='bbox 92 565 322 622; x_wconf 87' lang='lat' dir='ltr'>majoribus</span> <span class='ocrx_word' id='word_1_54' title='bbox 344 566 558 616; x_wconf 73' lang='lat' dir='ltr'>traditam,</span> <span class='ocrx_word' id='word_1_55' title='bbox 582 564 867 607; x_wconf 89' lang='lat' dir='ltr'>conditionem</span> <span class='ocrx_word' id='word_1_56' title='bbox 890 563 1113 612; x_wconf 80' lang='lat' dir='ltr'>amicitiae,</span> <span class='ocrx_word' id='word_1_57' title='bbox 1131 562 1203 618; x_wconf 87' lang='lat' dir='ltr'>jus</span> <span class='ocrx_word' id='word_1_58' title='bbox 1230 558 1453 608; x_wconf 88' lang='lat' dir='ltr'>societatis,</span> <span class='ocrx_word' id='word_1_59' title='bbox 1476 555 1642 599; x_wconf 86' lang='lat' dir='ltr'>convel-</span> 
     </span>
     <span class='ocr_line' id='line_1_8' title="bbox 47 630 716 672; baseline 0 0"><span class='ocrx_word' id='word_1_60' title='bbox 47 630 134 672; x_wconf 88' lang='lat' dir='ltr'>lere</span> <span class='ocrx_word' id='word_1_61' title='bbox 155 636 197 672; x_wconf 92' lang='lat' dir='ltr'>et</span> <span class='ocrx_word' id='word_1_62' title='bbox 218 637 477 672; x_wconf 87' lang='lat' dir='ltr'>commutare</span> <span class='ocrx_word' id='word_1_63' title='bbox 497 647 621 672; x_wconf 91' lang='lat' dir='ltr'>ausus</span> <span class='ocrx_word' id='word_1_64' title='bbox 642 635 716 672; x_wconf 90' lang='lat' dir='ltr'>est.</span> 
     </span>
    </p>

    <p class='ocr_par' dir='ltr' id='par_1_3' title="bbox 48 691 1697 2335">
     <span class='ocr_line' id='line_1_9' title="bbox 106 691 1646 752; baseline -0.005 -15"><span class='ocrx_word' id='word_1_65' title='bbox 106 695 212 737; x_wconf 91' lang='lat' dir='ltr'>VII.</span> <span class='ocrx_word' id='word_1_66' title='bbox 247 695 341 742; x_wconf 76' lang='lat' dir='ltr'>Qua</span> <span class='ocrx_word' id='word_1_67' title='bbox 361 697 407 738; x_wconf 90' lang='lat' dir='ltr'>in</span> <span class='ocrx_word' id='word_1_68' title='bbox 429 713 473 738; x_wconf 92' lang='lat' dir='ltr'>re</span> <span class='ocrx_word' id='word_1_69' title='bbox 490 697 676 752; x_wconf 89' lang='lat' dir='ltr'>primum</span> <span class='ocrx_word' id='word_1_70' title='bbox 695 696 802 737; x_wconf 88' lang='lat' dir='ltr'>illud</span> <span class='ocrx_word' id='word_1_71' title='bbox 823 695 1084 751; x_wconf 88' lang='lat' dir='ltr'>reprehendo</span> <span class='ocrx_word' id='word_1_72' title='bbox 1105 697 1148 736; x_wconf 89' lang='lat' dir='ltr'>et</span> <span class='ocrx_word' id='word_1_73' title='bbox 1164 707 1323 742; x_wconf 88' lang='lat' dir='ltr'>accuso,</span> <span class='ocrx_word' id='word_1_74' title='bbox 1338 706 1413 733; x_wconf 94' lang='lat' dir='ltr'>cur</span> <span class='ocrx_word' id='word_1_75' title='bbox 1432 691 1478 732; x_wconf 91' lang='lat' dir='ltr'>in</span> <span class='ocrx_word' id='word_1_76' title='bbox 1498 705 1543 731; x_wconf 91' lang='lat' dir='ltr'>re</span> <span class='ocrx_word' id='word_1_77' title='bbox 1556 693 1646 730; x_wconf 88' lang='lat' dir='ltr'>tam</span> 
     </span>
     <span class='ocr_line' id='line_1_10' title="bbox 48 757 1644 818; baseline -0.005 -14"><span class='ocrx_word' id='word_1_78' title='bbox 48 766 202 812; x_wconf 86' lang='lat' dir='ltr'>vetere,</span> <span class='ocrx_word' id='word_1_79' title='bbox 225 767 315 804; x_wconf 86' lang='lat' dir='ltr'>tam</span> <span class='ocrx_word' id='word_1_80' title='bbox 341 763 498 804; x_wconf 83' lang='lat' dir='ltr'>usitata</span> <span class='ocrx_word' id='word_1_81' title='bbox 519 763 754 818; x_wconf 89' lang='lat' dir='ltr'>quidquam</span> <span class='ocrx_word' id='word_1_82' title='bbox 782 762 883 804; x_wconf 90' lang='lat' dir='ltr'>novi</span> <span class='ocrx_word' id='word_1_83' title='bbox 904 761 1064 803; x_wconf 80' lang='lat' dir='ltr'>feceris.</span> <span class='ocrx_word' id='word_1_84' title='bbox 1126 758 1309 815; x_wconf 82' lang='lat' dir='ltr'>Ingenio</span> <span class='ocrx_word' id='word_1_85' title='bbox 1344 757 1507 813; x_wconf 87' lang='lat' dir='ltr'>aliquid</span> <span class='ocrx_word' id='word_1_86' title='bbox 1537 770 1644 797; x_wconf 85' lang='lat' dir='ltr'>asse-</span> 
     </span>
     <span class='ocr_line' id='line_1_11' title="bbox 49 822 1647 884; baseline -0.004 -16"><span class='ocrx_word' id='word_1_87' title='bbox 49 833 170 869; x_wconf 88' lang='lat' dir='ltr'>cutus</span> <span class='ocrx_word' id='word_1_88' title='bbox 210 829 289 869; x_wconf 77' lang='lat' dir='ltr'>es?</span> <span class='ocrx_word' id='word_1_89' title='bbox 335 833 399 870; x_wconf 92' lang='lat' dir='ltr'>tot</span> <span class='ocrx_word' id='word_1_90' title='bbox 439 829 631 870; x_wconf 88' lang='lat' dir='ltr'>homines</span> <span class='ocrx_word' id='word_1_91' title='bbox 671 828 1002 884; x_wconf 90' lang='lat' dir='ltr'>sapientissimos</span> <span class='ocrx_word' id='word_1_92' title='bbox 1042 831 1084 868; x_wconf 92' lang='lat' dir='ltr'>et</span> <span class='ocrx_word' id='word_1_93' title='bbox 1123 825 1374 867; x_wconf 87' lang='lat' dir='ltr'>clarissimos</span> <span class='ocrx_word' id='word_1_94' title='bbox 1414 823 1489 879; x_wconf 91' lang='lat' dir='ltr'>qui</span> <span class='ocrx_word' id='word_1_95' title='bbox 1526 822 1647 863; x_wconf 90' lang='lat' dir='ltr'>illam</span> 
     </span>
     <span class='ocr_line' id='line_1_12' title="bbox 48 887 1648 950; baseline -0.004 -15"><span class='ocrx_word' id='word_1_96' title='bbox 48 894 313 949; x_wconf 87' lang='lat' dir='ltr'>provinciam</span> <span class='ocrx_word' id='word_1_97' title='bbox 343 900 441 936; x_wconf 90' lang='lat' dir='ltr'>ante</span> <span class='ocrx_word' id='word_1_98' title='bbox 470 900 513 936; x_wconf 87' lang='lat' dir='ltr'>te</span> <span class='ocrx_word' id='word_1_99' title='bbox 543 899 772 936; x_wconf 90' lang='lat' dir='ltr'>tenuerunt</span> <span class='ocrx_word' id='word_1_100' title='bbox 798 893 1025 950; x_wconf 87' lang='lat' dir='ltr'>prudentia</span> <span class='ocrx_word' id='word_1_101' title='bbox 1052 891 1310 947; x_wconf 90' lang='lat' dir='ltr'>consilioque</span> <span class='ocrx_word' id='word_1_102' title='bbox 1336 889 1510 931; x_wconf 78' lang='lat' dir='ltr'>vicisti?</span> <span class='ocrx_word' id='word_1_103' title='bbox 1569 887 1648 928; x_wconf 89' lang='lat' dir='ltr'>Est</span> 
     </span>
     <span class='ocr_line' id='line_1_13' title="bbox 49 953 1646 1017; baseline -0.004 -17"><span class='ocrx_word' id='word_1_104' title='bbox 49 966 184 1010; x_wconf 85' lang='lat' dir='ltr'>tuum,</span> <span class='ocrx_word' id='word_1_105' title='bbox 228 965 291 1001; x_wconf 90' lang='lat' dir='ltr'>est</span> <span class='ocrx_word' id='word_1_106' title='bbox 322 960 488 1016; x_wconf 85' lang='lat' dir='ltr'>ingenii</span> <span class='ocrx_word' id='word_1_107' title='bbox 519 960 852 1017; x_wconf 84' lang='lat' dir='ltr'>diligentiaeque</span> <span class='ocrx_word' id='word_1_108' title='bbox 884 965 993 1001; x_wconf 90' lang='lat' dir='ltr'>tuae.</span> <span class='ocrx_word' id='word_1_109' title='bbox 1054 958 1121 1000; x_wconf 94' lang='lat' dir='ltr'>Do</span> <span class='ocrx_word' id='word_1_110' title='bbox 1154 959 1231 999; x_wconf 91' lang='lat' dir='ltr'>hoc</span> <span class='ocrx_word' id='word_1_111' title='bbox 1266 956 1347 998; x_wconf 93' lang='lat' dir='ltr'>tibi</span> <span class='ocrx_word' id='word_1_112' title='bbox 1378 960 1420 997; x_wconf 91' lang='lat' dir='ltr'>et</span> <span class='ocrx_word' id='word_1_113' title='bbox 1452 953 1646 996; x_wconf 88' lang='lat' dir='ltr'>concedo.</span> 
     </span>
     <span class='ocr_line' id='line_1_14' title="bbox 51 1020 1651 1082; baseline -0.004 -16"><span class='ocrx_word' id='word_1_114' title='bbox 51 1025 144 1067; x_wconf 89' lang='lat' dir='ltr'>Scio</span> <span class='ocrx_word' id='word_1_115' title='bbox 172 1031 214 1067; x_wconf 86' lang='lat' dir='ltr'>te</span> <span class='ocrx_word' id='word_1_116' title='bbox 245 1026 418 1077; x_wconf 78' lang='lat' dir='ltr'>Romae,</span> <span class='ocrx_word' id='word_1_117' title='bbox 449 1042 580 1082; x_wconf 89' lang='lat' dir='ltr'>quum</span> <span class='ocrx_word' id='word_1_118' title='bbox 610 1032 780 1082; x_wconf 82' lang='lat' dir='ltr'>praetor</span> <span class='ocrx_word' id='word_1_119' title='bbox 810 1042 931 1075; x_wconf 86' lang='lat' dir='ltr'>esses,</span> <span class='ocrx_word' id='word_1_120' title='bbox 961 1025 1097 1066; x_wconf 91' lang='lat' dir='ltr'>edicto</span> <span class='ocrx_word' id='word_1_121' title='bbox 1125 1029 1198 1065; x_wconf 92' lang='lat' dir='ltr'>tuo</span> <span class='ocrx_word' id='word_1_122' title='bbox 1222 1021 1500 1078; x_wconf 90' lang='lat' dir='ltr'>possessiones</span> <span class='ocrx_word' id='word_1_123' title='bbox 1528 1020 1651 1061; x_wconf 90' lang='lat' dir='ltr'>here-</span> 
     </span>
     <span class='ocr_line' id='line_1_15' title="bbox 50 1086 1697 1147; baseline -0.004 -15"><span class='ocrx_word' id='word_1_124' title='bbox 50 1091 235 1133; x_wconf 88' lang='lat' dir='ltr'>ditatum</span> <span class='ocrx_word' id='word_1_125' title='bbox 267 1108 291 1133; x_wconf 89' lang='lat' dir='ltr'>a</span> <span class='ocrx_word' id='word_1_126' title='bbox 323 1093 467 1134; x_wconf 89' lang='lat' dir='ltr'>liberis</span> <span class='ocrx_word' id='word_1_127' title='bbox 507 1093 562 1134; x_wconf 89' lang='lat' dir='ltr'>ad</span> <span class='ocrx_word' id='word_1_128' title='bbox 596 1092 766 1142; x_wconf 89' lang='lat' dir='ltr'>alienos,</span> <span class='ocrx_word' id='word_1_129' title='bbox 799 1107 823 1133; x_wconf 86' lang='lat' dir='ltr'>a</span> <span class='ocrx_word' id='word_1_130' title='bbox 858 1091 1007 1147; x_wconf 89' lang='lat' dir='ltr'>primis</span> <span class='ocrx_word' id='word_1_131' title='bbox 1037 1090 1262 1132; x_wconf 87' lang='lat' dir='ltr'>heredibus</span> <span class='ocrx_word' id='word_1_132' title='bbox 1293 1089 1348 1130; x_wconf 90' lang='lat' dir='ltr'>ad</span> <span class='ocrx_word' id='word_1_133' title='bbox 1377 1086 1593 1135; x_wconf 89' lang='lat' dir='ltr'>secundos,</span> <span class='ocrx_word' id='word_1_134' title='bbox 1626 1100 1650 1126; x_wconf 88' lang='lat' dir='ltr'>a</span> <span class='ocrx_word' id='word_1_135' title='bbox 1690 1109 1697 1115; x_wconf 89' lang='lat'><strong>·</strong></span> 
     </span>
     <span class='ocr_line' id='line_1_16' title="bbox 50 1152 1652 1213; baseline -0.004 -16"><span class='ocrx_word' id='word_1_136' title='bbox 50 1157 216 1213; x_wconf 85' lang='lat' dir='ltr'>legibus</span> <span class='ocrx_word' id='word_1_137' title='bbox 238 1159 291 1200; x_wconf 88' lang='lat' dir='ltr'>ad</span> <span class='ocrx_word' id='word_1_138' title='bbox 312 1158 535 1200; x_wconf 87' lang='lat' dir='ltr'>libidinem</span> <span class='ocrx_word' id='word_1_139' title='bbox 555 1163 674 1199; x_wconf 89' lang='lat' dir='ltr'>tuam</span> <span class='ocrx_word' id='word_1_140' title='bbox 697 1157 975 1199; x_wconf 85' lang='lat' dir='ltr'>transtulisse.</span> <span class='ocrx_word' id='word_1_141' title='bbox 1037 1156 1130 1198; x_wconf 90' lang='lat' dir='ltr'>Scio</span> <span class='ocrx_word' id='word_1_142' title='bbox 1159 1160 1200 1197; x_wconf 89' lang='lat' dir='ltr'>te</span> <span class='ocrx_word' id='word_1_143' title='bbox 1224 1154 1361 1196; x_wconf 84' lang='lat' dir='ltr'>edicta</span> <span class='ocrx_word' id='word_1_144' title='bbox 1388 1152 1652 1208; x_wconf 84' lang='lat' dir='ltr'>superiorum</span> 
     </span>
     <span class='ocr_line' id='line_1_17' title="bbox 50 1218 1652 1279; baseline -0.005 -14"><span class='ocrx_word' id='word_1_145' title='bbox 50 1224 241 1264; x_wconf 89' lang='lat' dir='ltr'>omnium</span> <span class='ocrx_word' id='word_1_146' title='bbox 270 1224 511 1274; x_wconf 75' lang='lat' dir='ltr'>correxisse,</span> <span class='ocrx_word' id='word_1_147' title='bbox 536 1229 577 1265; x_wconf 91' lang='lat' dir='ltr'>et</span> <span class='ocrx_word' id='word_1_148' title='bbox 604 1223 882 1279; x_wconf 89' lang='lat' dir='ltr'>possessiones</span> <span class='ocrx_word' id='word_1_149' title='bbox 909 1222 1196 1264; x_wconf 85' lang='lat' dir='ltr'>hereditatum</span> <span class='ocrx_word' id='word_1_150' title='bbox 1219 1236 1306 1262; x_wconf 88' lang='lat' dir='ltr'>non</span> <span class='ocrx_word' id='word_1_151' title='bbox 1334 1218 1563 1261; x_wconf 89' lang='lat' dir='ltr'>secundum</span> <span class='ocrx_word' id='word_1_152' title='bbox 1584 1231 1652 1257; x_wconf 92' lang='lat' dir='ltr'>eos</span> 
     </span>
     <span class='ocr_line' id='line_1_18' title="bbox 50 1284 1651 1345; baseline -0.004 -15"><span class='ocrx_word' id='word_1_153' title='bbox 50 1290 125 1345; x_wconf 90' lang='lat' dir='ltr'>qui</span> <span class='ocrx_word' id='word_1_154' title='bbox 145 1290 395 1345; x_wconf 89' lang='lat' dir='ltr'>proferrent,</span> <span class='ocrx_word' id='word_1_155' title='bbox 415 1291 488 1332; x_wconf 90' lang='lat' dir='ltr'>sed</span> <span class='ocrx_word' id='word_1_156' title='bbox 509 1291 739 1332; x_wconf 88' lang='lat' dir='ltr'>secundum</span> <span class='ocrx_word' id='word_1_157' title='bbox 760 1305 828 1331; x_wconf 92' lang='lat' dir='ltr'>eos</span> <span class='ocrx_word' id='word_1_158' title='bbox 849 1289 924 1345; x_wconf 89' lang='lat' dir='ltr'>qui</span> <span class='ocrx_word' id='word_1_159' title='bbox 945 1288 1135 1330; x_wconf 88' lang='lat' dir='ltr'>dicerent</span> <span class='ocrx_word' id='word_1_160' title='bbox 1156 1290 1458 1328; x_wconf 84' lang='lat' dir='ltr'>testamentum</span> <span class='ocrx_word' id='word_1_161' title='bbox 1479 1284 1651 1332; x_wconf 83' lang='lat' dir='ltr'>factum,</span> 
     </span>
     <span class='ocr_line' id='line_1_19' title="bbox 50 1348 1655 1412; baseline -0.004 -16"><span class='ocrx_word' id='word_1_162' title='bbox 50 1356 236 1407; x_wconf 86' lang='lat' dir='ltr'>dedisse;</span> <span class='ocrx_word' id='word_1_163' title='bbox 269 1372 420 1412; x_wconf 87' lang='lat' dir='ltr'>easque</span> <span class='ocrx_word' id='word_1_164' title='bbox 450 1372 516 1398; x_wconf 92' lang='lat' dir='ltr'>res</span> <span class='ocrx_word' id='word_1_165' title='bbox 540 1371 671 1398; x_wconf 90' lang='lat' dir='ltr'>novas</span> <span class='ocrx_word' id='word_1_166' title='bbox 704 1357 778 1397; x_wconf 89' lang='lat' dir='ltr'>abs</span> <span class='ocrx_word' id='word_1_167' title='bbox 805 1361 848 1397; x_wconf 93' lang='lat' dir='ltr'>te</span> <span class='ocrx_word' id='word_1_168' title='bbox 878 1354 1064 1411; x_wconf 88' lang='lat' dir='ltr'>prolatas</span> <span class='ocrx_word' id='word_1_169' title='bbox 1089 1359 1131 1395; x_wconf 90' lang='lat' dir='ltr'>et</span> <span class='ocrx_word' id='word_1_170' title='bbox 1163 1353 1359 1394; x_wconf 90' lang='lat' dir='ltr'>inventas</span> <span class='ocrx_word' id='word_1_171' title='bbox 1387 1365 1543 1406; x_wconf 86' lang='lat' dir='ltr'>magno</span> <span class='ocrx_word' id='word_1_172' title='bbox 1573 1348 1655 1390; x_wconf 88' lang='lat' dir='ltr'>tibi</span> 
     </span>
     <span class='ocr_line' id='line_1_20' title="bbox 49 1415 1655 1477; baseline -0.004 -15"><span class='ocrx_word' id='word_1_173' title='bbox 49 1422 243 1477; x_wconf 89' lang='lat' dir='ltr'>quaestui</span> <span class='ocrx_word' id='word_1_174' title='bbox 264 1422 392 1464; x_wconf 85' lang='lat' dir='ltr'>fuisse</span> <span class='ocrx_word' id='word_1_175' title='bbox 413 1422 521 1464; x_wconf 90' lang='lat' dir='ltr'>scio:</span> <span class='ocrx_word' id='word_1_176' title='bbox 555 1423 821 1477; x_wconf 89' lang='lat' dir='ltr'>eundemque</span> <span class='ocrx_word' id='word_1_177' title='bbox 842 1426 885 1462; x_wconf 91' lang='lat' dir='ltr'>te</span> <span class='ocrx_word' id='word_1_178' title='bbox 912 1420 1090 1463; x_wconf 90' lang='lat' dir='ltr'>memini</span> <span class='ocrx_word' id='word_1_179' title='bbox 1117 1418 1326 1461; x_wconf 87' lang='lat' dir='ltr'>censorias</span> <span class='ocrx_word' id='word_1_180' title='bbox 1353 1431 1519 1473; x_wconf 89' lang='lat' dir='ltr'>quoque</span> <span class='ocrx_word' id='word_1_181' title='bbox 1539 1415 1655 1470; x_wconf 84' lang='lat' dir='ltr'>leges</span> 
     </span>
     <span class='ocr_line' id='line_1_21' title="bbox 48 1480 1657 1543; baseline -0.004 -16"><span class='ocrx_word' id='word_1_182' title='bbox 48 1487 95 1527; x_wconf 90' lang='lat' dir='ltr'>in</span> <span class='ocrx_word' id='word_1_183' title='bbox 116 1488 240 1529; x_wconf 87' lang='lat' dir='ltr'>sartis</span> <span class='ocrx_word' id='word_1_184' title='bbox 263 1487 383 1529; x_wconf 89' lang='lat' dir='ltr'>tectis</span> <span class='ocrx_word' id='word_1_185' title='bbox 405 1487 627 1543; x_wconf 75' lang='lat' dir='ltr'>exigendis</span> <span class='ocrx_word' id='word_1_186' title='bbox 648 1487 796 1529; x_wconf 88' lang='lat' dir='ltr'>tollere</span> <span class='ocrx_word' id='word_1_187' title='bbox 817 1492 859 1528; x_wconf 90' lang='lat' dir='ltr'>et</span> <span class='ocrx_word' id='word_1_188' title='bbox 880 1491 1151 1535; x_wconf 91' lang='lat' dir='ltr'>commutare,</span> <span class='ocrx_word' id='word_1_189' title='bbox 1174 1500 1228 1525; x_wconf 89' lang='lat' dir='ltr'>ne</span> <span class='ocrx_word' id='word_1_190' title='bbox 1249 1484 1284 1525; x_wconf 90' lang='lat' dir='ltr'>is</span> <span class='ocrx_word' id='word_1_191' title='bbox 1314 1483 1540 1525; x_wconf 88' lang='lat' dir='ltr'>redimeret</span> <span class='ocrx_word' id='word_1_192' title='bbox 1561 1480 1657 1536; x_wconf 87' lang='lat' dir='ltr'>cuja</span> 
     </span>
     <span class='ocr_line' id='line_1_22' title="bbox 49 1547 1655 1609; baseline -0.004 -16"><span class='ocrx_word' id='word_1_193' title='bbox 49 1568 115 1594; x_wconf 92' lang='lat' dir='ltr'>res</span> <span class='ocrx_word' id='word_1_194' title='bbox 145 1559 276 1604; x_wconf 84' lang='lat' dir='ltr'>esset3</span> <span class='ocrx_word' id='word_1_195' title='bbox 308 1569 363 1595; x_wconf 91' lang='lat' dir='ltr'>ne</span> <span class='ocrx_word' id='word_1_196' title='bbox 392 1554 555 1609; x_wconf 90' lang='lat' dir='ltr'>pupillo</span> <span class='ocrx_word' id='word_1_197' title='bbox 585 1559 746 1595; x_wconf 91' lang='lat' dir='ltr'>tutores</span> <span class='ocrx_word' id='word_1_198' title='bbox 775 1552 1089 1609; x_wconf 88' lang='lat' dir='ltr'>propinquique</span> <span class='ocrx_word' id='word_1_199' title='bbox 1111 1550 1381 1593; x_wconf 90' lang='lat' dir='ltr'>consulerent</span> <span class='ocrx_word' id='word_1_200' title='bbox 1412 1563 1492 1604; x_wconf 90' lang='lat' dir='ltr'>quo</span> <span class='ocrx_word' id='word_1_201' title='bbox 1513 1547 1655 1588; x_wconf 90' lang='lat' dir='ltr'>minus</span> 
     </span>
     <span class='ocr_line' id='line_1_23' title="bbox 50 1613 1656 1675; baseline -0.004 -16"><span class='ocrx_word' id='word_1_202' title='bbox 50 1618 232 1661; x_wconf 79' lang='lat' dir='ltr'>fortunis</span> <span class='ocrx_word' id='word_1_203' title='bbox 262 1620 457 1661; x_wconf 84' lang='lat' dir='ltr'>omnibus</span> <span class='ocrx_word' id='word_1_204' title='bbox 488 1624 772 1662; x_wconf 87' lang='lat' dir='ltr'>everteretur:</span> <span class='ocrx_word' id='word_1_205' title='bbox 805 1619 1006 1675; x_wconf 81' lang='lat' dir='ltr'>exiguam</span> <span class='ocrx_word' id='word_1_206' title='bbox 1035 1618 1148 1659; x_wconf 90' lang='lat' dir='ltr'>diem</span> <span class='ocrx_word' id='word_1_207' title='bbox 1177 1615 1402 1673; x_wconf 85' lang='lat' dir='ltr'>praefinire</span> <span class='ocrx_word' id='word_1_208' title='bbox 1430 1613 1547 1669; x_wconf 90' lang='lat' dir='ltr'>operi</span> <span class='ocrx_word' id='word_1_209' title='bbox 1573 1627 1656 1667; x_wconf 90' lang='lat' dir='ltr'>qua</span> 
     </span>
     <span class='ocr_line' id='line_1_24' title="bbox 51 1680 1658 1741; baseline -0.004 -16"><span class='ocrx_word' id='word_1_210' title='bbox 51 1689 210 1726; x_wconf 91' lang='lat' dir='ltr'>ceteros</span> <span class='ocrx_word' id='word_1_211' title='bbox 232 1686 284 1727; x_wconf 88' lang='lat' dir='ltr'>ab</span> <span class='ocrx_word' id='word_1_212' title='bbox 305 1686 477 1741; x_wconf 85' lang='lat' dir='ltr'>negotio</span> <span class='ocrx_word' id='word_1_213' title='bbox 491 1685 748 1735; x_wconf 80' lang='lat' dir='ltr'>excluderes,</span> <span class='ocrx_word' id='word_1_214' title='bbox 763 1685 852 1740; x_wconf 88' lang='lat' dir='ltr'>ipse</span> <span class='ocrx_word' id='word_1_215' title='bbox 874 1685 920 1725; x_wconf 91' lang='lat' dir='ltr'>in</span> <span class='ocrx_word' id='word_1_216' title='bbox 940 1690 1014 1726; x_wconf 90' lang='lat' dir='ltr'>tuo</span> <span class='ocrx_word' id='word_1_217' title='bbox 1035 1684 1300 1738; x_wconf 88' lang='lat' dir='ltr'>redemptore</span> <span class='ocrx_word' id='word_1_218' title='bbox 1320 1680 1483 1722; x_wconf 90' lang='lat' dir='ltr'>nullam</span> <span class='ocrx_word' id='word_1_219' title='bbox 1499 1684 1658 1720; x_wconf 84' lang='lat' dir='ltr'>certam</span> 
     </span>
     <span class='ocr_line' id='line_1_25' title="bbox 51 1744 1657 1805; baseline -0.006 -11"><span class='ocrx_word' id='word_1_220' title='bbox 51 1751 166 1794; x_wconf 90' lang='lat' dir='ltr'>diem</span> <span class='ocrx_word' id='word_1_221' title='bbox 186 1751 440 1794; x_wconf 76' lang='lat' dir='ltr'>observares.</span> <span class='ocrx_word' id='word_1_222' title='bbox 485 1752 770 1798; x_wconf 74' lang='lat' dir='ltr'>Quamobrem</span> <span class='ocrx_word' id='word_1_223' title='bbox 790 1767 946 1793; x_wconf 89' lang='lat' dir='ltr'>novam</span> <span class='ocrx_word' id='word_1_224' title='bbox 966 1751 1107 1805; x_wconf 84' lang='lat' dir='ltr'>legem</span> <span class='ocrx_word' id='word_1_225' title='bbox 1128 1754 1170 1790; x_wconf 88' lang='lat' dir='ltr'>te</span> <span class='ocrx_word' id='word_1_226' title='bbox 1186 1749 1232 1790; x_wconf 90' lang='lat' dir='ltr'>in</span> <span class='ocrx_word' id='word_1_227' title='bbox 1253 1746 1440 1789; x_wconf 90' lang='lat' dir='ltr'>decumis</span> <span class='ocrx_word' id='word_1_228' title='bbox 1461 1744 1657 1786; x_wconf 85' lang='lat' dir='ltr'>statuisse</span> 
     </span>
     <span class='ocr_line' id='line_1_26' title="bbox 52 1811 1657 1872; baseline -0.007 -12"><span class='ocrx_word' id='word_1_229' title='bbox 52 1834 139 1860; x_wconf 91' lang='lat' dir='ltr'>non</span> <span class='ocrx_word' id='word_1_230' title='bbox 169 1817 312 1867; x_wconf 90' lang='lat' dir='ltr'>miror,</span> <span class='ocrx_word' id='word_1_231' title='bbox 334 1817 551 1858; x_wconf 89' lang='lat' dir='ltr'>hominem</span> <span class='ocrx_word' id='word_1_232' title='bbox 581 1817 627 1858; x_wconf 87' lang='lat' dir='ltr'>in</span> <span class='ocrx_word' id='word_1_233' title='bbox 648 1817 797 1859; x_wconf 86' lang='lat' dir='ltr'>edictis</span> <span class='ocrx_word' id='word_1_234' title='bbox 826 1815 1061 1872; x_wconf 87' lang='lat' dir='ltr'>praetoriis,</span> <span class='ocrx_word' id='word_1_235' title='bbox 1084 1815 1130 1855; x_wconf 89' lang='lat' dir='ltr'>in</span> <span class='ocrx_word' id='word_1_236' title='bbox 1151 1813 1351 1856; x_wconf 86' lang='lat' dir='ltr'>censoriis</span> <span class='ocrx_word' id='word_1_237' title='bbox 1381 1811 1548 1866; x_wconf 84' lang='lat' dir='ltr'>legibus</span> <span class='ocrx_word' id='word_1_238' title='bbox 1568 1814 1657 1850; x_wconf 85' lang='lat' dir='ltr'>tam</span> 
     </span>
     <span class='ocr_line' id='line_1_27' title="bbox 51 1876 1655 1941; baseline -0.006 -16"><span class='ocrx_word' id='word_1_239' title='bbox 51 1884 318 1941; x_wconf 86' lang='lat' dir='ltr'>prudentem,</span> <span class='ocrx_word' id='word_1_240' title='bbox 342 1888 431 1924; x_wconf 89' lang='lat' dir='ltr'>tam</span> <span class='ocrx_word' id='word_1_241' title='bbox 457 1883 761 1924; x_wconf 78' lang='lat' dir='ltr'>exercitatum:</span> <span class='ocrx_word' id='word_1_242' title='bbox 794 1897 892 1931; x_wconf 89' lang='lat' dir='ltr'>non,</span> <span class='ocrx_word' id='word_1_243' title='bbox 916 1881 1104 1936; x_wconf 91' lang='lat' dir='ltr'>inquam,</span> <span class='ocrx_word' id='word_1_244' title='bbox 1129 1880 1260 1920; x_wconf 89' lang='lat' dir='ltr'>miror</span> <span class='ocrx_word' id='word_1_245' title='bbox 1285 1884 1327 1920; x_wconf 88' lang='lat' dir='ltr'>te</span> <span class='ocrx_word' id='word_1_246' title='bbox 1351 1876 1513 1932; x_wconf 88' lang='lat' dir='ltr'>aliquid</span> <span class='ocrx_word' id='word_1_247' title='bbox 1533 1890 1655 1917; x_wconf 79' lang='lat' dir='ltr'>exco-</span> 
     </span>
     <span class='ocr_line' id='line_1_28' title="bbox 53 1945 1654 2006; baseline -0.006 -15"><span class='ocrx_word' id='word_1_248' title='bbox 53 1951 233 2006; x_wconf 84' lang='lat' dir='ltr'>gitasse3</span> <span class='ocrx_word' id='word_1_249' title='bbox 266 1948 339 1990; x_wconf 83' lang='lat' dir='ltr'>sed</span> <span class='ocrx_word' id='word_1_250' title='bbox 369 1949 482 2004; x_wconf 91' lang='lat' dir='ltr'>quod</span> <span class='ocrx_word' id='word_1_251' title='bbox 513 1954 585 1990; x_wconf 85' lang='lat' dir='ltr'>tua</span> <span class='ocrx_word' id='word_1_252' title='bbox 616 1953 776 2004; x_wconf 86' lang='lat' dir='ltr'>sponte,</span> <span class='ocrx_word' id='word_1_253' title='bbox 809 1947 973 2003; x_wconf 88' lang='lat' dir='ltr'>injussu</span> <span class='ocrx_word' id='word_1_254' title='bbox 1003 1945 1161 2001; x_wconf 87' lang='lat' dir='ltr'>populi,</span> <span class='ocrx_word' id='word_1_255' title='bbox 1195 1945 1284 1986; x_wconf 91' lang='lat' dir='ltr'>sine</span> <span class='ocrx_word' id='word_1_256' title='bbox 1315 1948 1484 1985; x_wconf 81' lang='lat' dir='ltr'>senatus</span> <span class='ocrx_word' id='word_1_257' title='bbox 1513 1946 1654 1983; x_wconf 90' lang='lat' dir='ltr'>aucto-</span> 
     </span>
     <span class='ocr_line' id='line_1_29' title="bbox 51 2009 1650 2071; baseline -0.006 -14"><span class='ocrx_word' id='word_1_258' title='bbox 51 2017 191 2066; x_wconf 85' lang='lat' dir='ltr'>ritate,</span> <span class='ocrx_word' id='word_1_259' title='bbox 210 2015 309 2070; x_wconf 87' lang='lat' dir='ltr'>jura</span> <span class='ocrx_word' id='word_1_260' title='bbox 329 2015 573 2071; x_wconf 90' lang='lat' dir='ltr'>provinciae</span> <span class='ocrx_word' id='word_1_261' title='bbox 594 2014 764 2056; x_wconf 83' lang='lat' dir='ltr'>Siciliae</span> <span class='ocrx_word' id='word_1_262' title='bbox 785 2012 1028 2061; x_wconf 83' lang='lat' dir='ltr'>mutaveris,</span> <span class='ocrx_word' id='word_1_263' title='bbox 1052 2012 1097 2052; x_wconf 88' lang='lat' dir='ltr'>id</span> <span class='ocrx_word' id='word_1_264' title='bbox 1117 2010 1394 2066; x_wconf 85' lang='lat' dir='ltr'>reprehendo,</span> <span class='ocrx_word' id='word_1_265' title='bbox 1418 2009 1463 2049; x_wconf 90' lang='lat' dir='ltr'>id</span> <span class='ocrx_word' id='word_1_266' title='bbox 1491 2023 1650 2053; x_wconf 86' lang='lat' dir='ltr'>accuso,</span> 
     </span>
     <span class='ocr_line' id='line_1_30' title="bbox 52 2071 1653 2132; baseline -0.007 -8"><span class='ocrx_word' id='word_1_267' title='bbox 52 2083 100 2123; x_wconf 91' lang='lat' dir='ltr'>L.</span> <span class='ocrx_word' id='word_1_268' title='bbox 126 2081 301 2123; x_wconf 87' lang='lat' dir='ltr'>Octavio</span> <span class='ocrx_word' id='word_1_269' title='bbox 323 2086 365 2122; x_wconf 90' lang='lat' dir='ltr'>et</span> <span class='ocrx_word' id='word_1_270' title='bbox 387 2080 433 2122; x_wconf 81' lang='lat' dir='ltr'>O.</span> <span class='ocrx_word' id='word_1_271' title='bbox 458 2080 606 2122; x_wconf 84' lang='lat' dir='ltr'>Cottae</span> <span class='ocrx_word' id='word_1_272' title='bbox 633 2079 874 2122; x_wconf 88' lang='lat' dir='ltr'>consulibus</span> <span class='ocrx_word' id='word_1_273' title='bbox 899 2082 1068 2119; x_wconf 86' lang='lat' dir='ltr'>senatus</span> <span class='ocrx_word' id='word_1_274' title='bbox 1096 2076 1289 2132; x_wconf 86' lang='lat' dir='ltr'>permisit</span> <span class='ocrx_word' id='word_1_275' title='bbox 1315 2080 1363 2116; x_wconf 91' lang='lat' dir='ltr'>ut</span> <span class='ocrx_word' id='word_1_276' title='bbox 1384 2074 1475 2116; x_wconf 85' lang='lat' dir='ltr'>vini</span> <span class='ocrx_word' id='word_1_277' title='bbox 1502 2078 1544 2115; x_wconf 91' lang='lat' dir='ltr'>et</span> <span class='ocrx_word' id='word_1_278' title='bbox 1571 2071 1653 2114; x_wconf 92' lang='lat' dir='ltr'>olei</span> 
     </span>
     <span class='ocr_line' id='line_1_31' title="bbox 52 2138 1655 2201; baseline -0.006 -12"><span class='ocrx_word' id='word_1_279' title='bbox 52 2148 248 2189; x_wconf 86' lang='lat' dir='ltr'>decumas</span> <span class='ocrx_word' id='word_1_280' title='bbox 282 2151 324 2188; x_wconf 91' lang='lat' dir='ltr'>et</span> <span class='ocrx_word' id='word_1_281' title='bbox 359 2146 535 2201; x_wconf 84' lang='lat' dir='ltr'>frugum</span> <span class='ocrx_word' id='word_1_282' title='bbox 574 2146 850 2194; x_wconf 87' lang='lat' dir='ltr'>minutarum,</span> <span class='ocrx_word' id='word_1_283' title='bbox 885 2159 988 2199; x_wconf 85' lang='lat' dir='ltr'>quas</span> <span class='ocrx_word' id='word_1_284' title='bbox 1024 2148 1122 2184; x_wconf 90' lang='lat' dir='ltr'>ante</span> <span class='ocrx_word' id='word_1_285' title='bbox 1154 2146 1394 2197; x_wconf 86' lang='lat' dir='ltr'>quaestores</span> <span class='ocrx_word' id='word_1_286' title='bbox 1429 2140 1475 2180; x_wconf 90' lang='lat' dir='ltr'>in</span> <span class='ocrx_word' id='word_1_287' title='bbox 1510 2138 1655 2180; x_wconf 84' lang='lat' dir='ltr'>Sicilia</span> 
     </span>
     <span class='ocr_line' id='line_1_32' title="bbox 51 2205 1653 2264; baseline -0.006 -9"><span class='ocrx_word' id='word_1_288' title='bbox 51 2214 235 2255; x_wconf 87' lang='lat' dir='ltr'>vendere</span> <span class='ocrx_word' id='word_1_289' title='bbox 257 2217 538 2262; x_wconf 84' lang='lat' dir='ltr'>consuessent,</span> <span class='ocrx_word' id='word_1_290' title='bbox 571 2211 731 2253; x_wconf 88' lang='lat' dir='ltr'>Romae</span> <span class='ocrx_word' id='word_1_291' title='bbox 761 2210 994 2253; x_wconf 84' lang='lat' dir='ltr'>venderent</span> <span class='ocrx_word' id='word_1_292' title='bbox 1024 2208 1246 2264; x_wconf 87' lang='lat' dir='ltr'>legemque</span> <span class='ocrx_word' id='word_1_293' title='bbox 1277 2207 1344 2248; x_wconf 89' lang='lat' dir='ltr'>his</span> <span class='ocrx_word' id='word_1_294' title='bbox 1374 2205 1497 2247; x_wconf 91' lang='lat' dir='ltr'>rebus</span> <span class='ocrx_word' id='word_1_295' title='bbox 1525 2219 1653 2260; x_wconf 90' lang='lat' dir='ltr'>quam</span> 
     </span>
     <span class='ocr_line' id='line_1_33' title="bbox 51 2270 1653 2335; baseline -0.007 -14"><span class='ocrx_word' id='word_1_296' title='bbox 51 2279 152 2335; x_wconf 90' lang='lat' dir='ltr'>ipsis</span> <span class='ocrx_word' id='word_1_297' title='bbox 168 2279 384 2321; x_wconf 89' lang='lat' dir='ltr'>videretur</span> <span class='ocrx_word' id='word_1_298' title='bbox 405 2278 606 2319; x_wconf 88' lang='lat' dir='ltr'>dicerent.</span> <span class='ocrx_word' id='word_1_299' title='bbox 651 2277 794 2323; x_wconf 81' lang='lat' dir='ltr'>Quum</span> <span class='ocrx_word' id='word_1_300' title='bbox 814 2276 966 2317; x_wconf 88' lang='lat' dir='ltr'>locatio</span> <span class='ocrx_word' id='word_1_301' title='bbox 987 2275 1119 2324; x_wconf 85' lang='lat' dir='ltr'>fieret,</span> <span class='ocrx_word' id='word_1_302' title='bbox 1142 2271 1363 2329; x_wconf 88' lang='lat' dir='ltr'>publicani</span> <span class='ocrx_word' id='word_1_303' title='bbox 1382 2270 1653 2327; x_wconf 88' lang='lat' dir='ltr'>postularunt</span> 
     </span>
    </p>
   </div>
   <div class='ocr_carea' id='block_1_3' title="bbox 53 2400 833 2921">
    <p class='ocr_par' dir='ltr' id='par_1_4' title="bbox 53 2400 829 2530">
     <span class='ocr_line' id='line_1_34' title="bbox 53 2400 829 2443; baseline -0.003 -10"><span class='ocrx_word' id='word_1_304' title='bbox 53 2403 150 2434; x_wconf 87' lang='lat' dir='ltr'>fuisse</span> <span class='ocrx_word' id='word_1_305' title='bbox 160 2402 278 2443; x_wconf 82' lang='lat' dir='ltr'>’—y0u</span> <span class='ocrx_word' id='word_1_306' title='bbox 302 2402 402 2434; x_wconf 86' lang='lat' dir='ltr'>won&#39;t</span> <span class='ocrx_word' id='word_1_307' title='bbox 425 2403 507 2433; x_wconf 80' lang='lat' dir='ltr'>have</span> <span class='ocrx_word' id='word_1_308' title='bbox 531 2402 588 2433; x_wconf 86' lang='lat' dir='ltr'>the</span> <span class='ocrx_word' id='word_1_309' title='bbox 612 2401 704 2441; x_wconf 70' lang='lat' dir='ltr'>right</span> <span class='ocrx_word' id='word_1_310' title='bbox 727 2401 764 2431; x_wconf 89' lang='lat' dir='ltr'>of</span> <span class='ocrx_word' id='word_1_311' title='bbox 783 2400 829 2431; x_wconf 82' lang='lat' dir='ltr'>af-</span> 
     </span>
     <span class='ocr_line' id='line_1_35' title="bbox 53 2446 829 2485; baseline -0.001 -9"><span class='ocrx_word' id='word_1_312' title='bbox 53 2446 186 2485; x_wconf 85' lang='lat' dir='ltr'>firming</span> <span class='ocrx_word' id='word_1_313' title='bbox 196 2456 229 2476; x_wconf 85' lang='lat' dir='ltr'>as</span> <span class='ocrx_word' id='word_1_314' title='bbox 241 2446 338 2476; x_wconf 84' lang='lat' dir='ltr'>much</span> <span class='ocrx_word' id='word_1_315' title='bbox 351 2457 385 2476; x_wconf 87' lang='lat' dir='ltr'>as</span> <span class='ocrx_word' id='word_1_316' title='bbox 397 2446 655 2476; x_wconf 67' lang='lat' dir='ltr'>this—‘tantum</span> <span class='ocrx_word' id='word_1_317' title='bbox 669 2448 829 2485; x_wconf 87' lang='lat' dir='ltr'>quantum</span> 
     </span>
     <span class='ocr_line' id='line_1_36' title="bbox 53 2489 479 2530; baseline -0.005 -9"><span class='ocrx_word' id='word_1_318' title='bbox 53 2500 113 2530; x_wconf 81' lang='lat' dir='ltr'>ego</span> <span class='ocrx_word' id='word_1_319' title='bbox 130 2489 234 2519; x_wconf 83' lang='lat' dir='ltr'>dicam</span> <span class='ocrx_word' id='word_1_320' title='bbox 251 2500 315 2519; x_wconf 87' lang='lat' dir='ltr'>non</span> <span class='ocrx_word' id='word_1_321' title='bbox 332 2489 479 2519; x_wconf 77' lang='lat' dir='ltr'>fuissc.’&#39;&#39;</span> 
     </span>
    </p>

    <p class='ocr_par' dir='ltr' id='par_1_5' title="bbox 53 2531 831 2745">
     <span class='ocr_line' id='line_1_37' title="bbox 84 2531 829 2573; baseline 0 -11"><span class='ocrx_word' id='word_1_322' title='bbox 84 2531 247 2573; x_wconf 53' lang='lat' dir='ltr'>semotim]</span> <span class='ocrx_word' id='word_1_323' title='bbox 275 2536 283 2549; x_wconf 96' lang='lat'>‘</span> <span class='ocrx_word' id='word_1_324' title='bbox 294 2533 351 2563; x_wconf 88' lang='lat' dir='ltr'>the</span> <span class='ocrx_word' id='word_1_325' title='bbox 362 2533 583 2573; x_wconf 83' lang='lat' dir='ltr'>performancc</span> <span class='ocrx_word' id='word_1_326' title='bbox 594 2532 631 2562; x_wconf 90' lang='lat' dir='ltr'>of</span> <span class='ocrx_word' id='word_1_327' title='bbox 638 2532 712 2562; x_wconf 81' lang='lat' dir='ltr'>that</span> <span class='ocrx_word' id='word_1_328' title='bbox 723 2531 829 2572; x_wconf 59' lang='lat' dir='ltr'>dutyss</span> 
     </span>
     <span class='ocr_line' id='line_1_38' title="bbox 53 2575 830 2616; baseline -0.003 -9"><span class='ocrx_word' id='word_1_329' title='bbox 53 2576 110 2607; x_wconf 89' lang='lat' dir='ltr'>the</span> <span class='ocrx_word' id='word_1_330' title='bbox 141 2577 296 2616; x_wconf 75' lang='lat' dir='ltr'>paymcnt</span> <span class='ocrx_word' id='word_1_331' title='bbox 324 2576 360 2606; x_wconf 86' lang='lat' dir='ltr'>of</span> <span class='ocrx_word' id='word_1_332' title='bbox 386 2576 442 2607; x_wconf 87' lang='lat' dir='ltr'>the</span> <span class='ocrx_word' id='word_1_333' title='bbox 469 2576 664 2606; x_wconf 55' lang='lat' dir='ltr'>‘decumam&#39;</span> <span class='ocrx_word' id='word_1_334' title='bbox 711 2575 830 2615; x_wconf 84' lang='lat' dir='ltr'>Zumpt</span> 
     </span>
     <span class='ocr_line' id='line_1_39' title="bbox 53 2619 831 2659; baseline -0.003 -9"><span class='ocrx_word' id='word_1_335' title='bbox 53 2619 154 2650; x_wconf 82' lang='lat' dir='ltr'>refers</span> <span class='ocrx_word' id='word_1_336' title='bbox 182 2621 216 2650; x_wconf 86' lang='lat' dir='ltr'>to</span> <span class='ocrx_word' id='word_1_337' title='bbox 241 2630 267 2649; x_wconf 89' lang='lat' dir='ltr'>c.</span> <span class='ocrx_word' id='word_1_338' title='bbox 291 2619 344 2656; x_wconf 81' lang='lat'>86,</span> <span class='ocrx_word' id='word_1_339' title='bbox 373 2619 471 2659; x_wconf 88' lang='lat' dir='ltr'>‘quid</span> <span class='ocrx_word' id='word_1_340' title='bbox 488 2642 494 2649; x_wconf 91' lang='lat'>.</span> <span class='ocrx_word' id='word_1_341' title='bbox 514 2619 706 2649; x_wconf 79' lang='lat' dir='ltr'>..muneris</span> <span class='ocrx_word' id='word_1_342' title='bbox 733 2619 766 2649; x_wconf 88' lang='lat' dir='ltr'>in</span> <span class='ocrx_word' id='word_1_343' title='bbox 797 2629 831 2649; x_wconf 81' lang='lat' dir='ltr'>re</span> 
     </span>
     <span class='ocr_line' id='line_1_40' title="bbox 53 2662 831 2703; baseline -0.001 -10"><span class='ocrx_word' id='word_1_344' title='bbox 53 2662 183 2703; x_wconf 82' lang='lat' dir='ltr'>publica</span> <span class='ocrx_word' id='word_1_345' title='bbox 212 2662 329 2702; x_wconf 65' lang='lat' dir='ltr'>fungi!</span> <span class='ocrx_word' id='word_1_346' title='bbox 391 2663 448 2693; x_wconf 75' lang='lat' dir='ltr'>See</span> <span class='ocrx_word' id='word_1_347' title='bbox 479 2662 545 2692; x_wconf 73' lang='lat' dir='ltr'>also</span> <span class='ocrx_word' id='word_1_348' title='bbox 572 2673 598 2692; x_wconf 92' lang='lat' dir='ltr'>c.</span> <span class='ocrx_word' id='word_1_349' title='bbox 628 2663 678 2698; x_wconf 73' lang='lat'>16,</span> <span class='ocrx_word' id='word_1_350' title='bbox 712 2665 831 2702; x_wconf 89' lang='lat' dir='ltr'>‘quum</span> 
     </span>
     <span class='ocr_line' id='line_1_41' title="bbox 54 2705 748 2745; baseline -0.001 -9"><span class='ocrx_word' id='word_1_351' title='bbox 54 2706 161 2737; x_wconf 76' lang='lat' dir='ltr'>tribus</span> <span class='ocrx_word' id='word_1_352' title='bbox 177 2705 320 2736; x_wconf 80' lang='lat' dir='ltr'>decumis</span> <span class='ocrx_word' id='word_1_353' title='bbox 336 2716 394 2745; x_wconf 87' lang='lat' dir='ltr'>pro</span> <span class='ocrx_word' id='word_1_354' title='bbox 411 2716 475 2735; x_wconf 84' lang='lat' dir='ltr'>una</span> <span class='ocrx_word' id='word_1_355' title='bbox 491 2706 748 2745; x_wconf 57' lang='lat' dir='ltr'>defungeretur?</span> 
     </span>
    </p>

    <p class='ocr_par' dir='ltr' id='par_1_6' title="bbox 56 2748 833 2921">
     <span class='ocr_line' id='line_1_42' title="bbox 97 2748 832 2790; baseline 0 -10"><span class='ocrx_word' id='word_1_356' title='bbox 97 2749 129 2781; x_wconf 90' lang='lat'>7.</span> <span class='ocrx_word' id='word_1_357' title='bbox 167 2749 338 2779; x_wconf 71' lang='lat' dir='ltr'>seeundum</span> <span class='ocrx_word' id='word_1_358' title='bbox 373 2760 426 2779; x_wconf 78' lang='lat' dir='ltr'>eos</span> <span class='ocrx_word' id='word_1_359' title='bbox 461 2749 516 2788; x_wconf 73' lang='lat' dir='ltr'>qui</span> <span class='ocrx_word' id='word_1_360' title='bbox 553 2748 711 2790; x_wconf 68' lang='lat' dir='ltr'>dicerent]</span> <span class='ocrx_word' id='word_1_361' title='bbox 774 2748 832 2780; x_wconf 84' lang='lat' dir='ltr'>See</span> 
     </span>
     <span class='ocr_line' id='line_1_43' title="bbox 56 2792 831 2833; baseline 0.001 -11"><span class='ocrx_word' id='word_1_362' title='bbox 56 2792 128 2823; x_wconf 88' lang='lat' dir='ltr'>Lib.</span> <span class='ocrx_word' id='word_1_363' title='bbox 141 2793 170 2822; x_wconf 88' lang='lat'>1.</span> <span class='ocrx_word' id='word_1_364' title='bbox 184 2802 210 2823; x_wconf 91' lang='lat' dir='ltr'>c.</span> <span class='ocrx_word' id='word_1_365' title='bbox 224 2793 276 2823; x_wconf 80' lang='lat'>45.</span> <span class='ocrx_word' id='word_1_366' title='bbox 322 2792 399 2822; x_wconf 86' lang='lat' dir='ltr'>This</span> <span class='ocrx_word' id='word_1_367' title='bbox 415 2802 548 2833; x_wconf 78' lang='lat' dir='ltr'>passage</span> <span class='ocrx_word' id='word_1_368' title='bbox 564 2792 667 2823; x_wconf 81' lang='lat' dir='ltr'>shows</span> <span class='ocrx_word' id='word_1_369' title='bbox 683 2792 758 2823; x_wconf 81' lang='lat' dir='ltr'>that</span> <span class='ocrx_word' id='word_1_370' title='bbox 774 2792 831 2824; x_wconf 85' lang='lat' dir='ltr'>thc</span> 
     </span>
     <span class='ocr_line' id='line_1_44' title="bbox 56 2835 833 2877; baseline 0.001 -11"><span class='ocrx_word' id='word_1_371' title='bbox 56 2836 311 2877; x_wconf 86' lang='lat' dir='ltr'>interpretation</span> <span class='ocrx_word' id='word_1_372' title='bbox 321 2835 358 2866; x_wconf 90' lang='lat' dir='ltr'>of</span> <span class='ocrx_word' id='word_1_373' title='bbox 371 2840 379 2852; x_wconf 90' lang='lat'><em>‘</em></span> <span class='ocrx_word' id='word_1_374' title='bbox 389 2846 422 2866; x_wconf 90' lang='lat' dir='ltr'>se</span> <span class='ocrx_word' id='word_1_375' title='bbox 432 2836 461 2866; x_wconf 86' lang='lat' dir='ltr'>ci</span> <span class='ocrx_word' id='word_1_376' title='bbox 477 2835 655 2873; x_wconf 81' lang='lat' dir='ltr'>daturum,&#39;</span> <span class='ocrx_word' id='word_1_377' title='bbox 669 2836 724 2867; x_wconf 70' lang='grc' dir='ltr'>διο.</span> <span class='ocrx_word' id='word_1_378' title='bbox 736 2836 833 2877; x_wconf 88' lang='lat' dir='ltr'>given</span> 
     </span>
     <span class='ocr_line' id='line_1_45' title="bbox 56 2879 831 2921; baseline 0.001 -11"><span class='ocrx_word' id='word_1_379' title='bbox 56 2879 91 2910; x_wconf 89' lang='lat' dir='ltr'>in</span> <span class='ocrx_word' id='word_1_380' title='bbox 114 2879 171 2910; x_wconf 86' lang='lat' dir='ltr'>the</span> <span class='ocrx_word' id='word_1_381' title='bbox 194 2881 282 2916; x_wconf 85' lang='lat' dir='ltr'>note,</span> <span class='ocrx_word' id='word_1_382' title='bbox 306 2879 332 2910; x_wconf 89' lang='lat' dir='ltr'>is</span> <span class='ocrx_word' id='word_1_383' title='bbox 355 2879 456 2921; x_wconf 85' lang='lat' dir='ltr'>right.</span> <span class='ocrx_word' id='word_1_384' title='bbox 501 2879 570 2910; x_wconf 86' lang='lat' dir='ltr'>The</span> <span class='ocrx_word' id='word_1_385' title='bbox 593 2890 726 2921; x_wconf 80' lang='lat' dir='ltr'>passage</span> <span class='ocrx_word' id='word_1_386' title='bbox 748 2879 831 2912; x_wconf 89' lang='lat' dir='ltr'>from</span> 
     </span>
    </p>
   </div>
   <div class='ocr_carea' id='block_1_4' title="bbox 114 2936 263 2965">
    <p class='ocr_par' dir='ltr' id='par_1_7' title="bbox 114 2936 263 2965">
     <span class='ocr_line' id='line_1_46' title="bbox 114 2936 263 2965; baseline 0 -1"><span class='ocrx_word' id='word_1_387' title='bbox 114 2936 210 2965; x_wconf 89' lang='lat' dir='ltr'>VOL.</span> <span class='ocrx_word' id='word_1_388' title='bbox 233 2937 263 2965; x_wconf 91' lang='lat'>1.</span> 
     </span>
    </p>
   </div>
   <div class='ocr_carea' id='block_1_5' title="bbox 874 2394 1654 2914">
    <p class='ocr_par' dir='ltr' id='par_1_8' title="bbox 875 2394 1653 2521">
     <span class='ocr_line' id='line_1_47' title="bbox 875 2394 1652 2431; baseline -0.009 0"><span class='ocrx_word' id='word_1_389' title='bbox 875 2403 884 2417; x_wconf 95' lang='lat'><em>‘</em></span> <span class='ocrx_word' id='word_1_390' title='bbox 895 2400 967 2431; x_wconf 86' lang='lat' dir='ltr'>Scio</span> <span class='ocrx_word' id='word_1_391' title='bbox 983 2402 1016 2430; x_wconf 87' lang='lat' dir='ltr'>tc</span> <span class='ocrx_word' id='word_1_392' title='bbox 1033 2398 1155 2429; x_wconf 84' lang='lat' dir='ltr'>Romae</span> <span class='ocrx_word' id='word_1_393' title='bbox 1166 2398 1174 2411; x_wconf 89' lang='lat'><em>&#39;</em></span> <span class='ocrx_word' id='word_1_394' title='bbox 1191 2399 1226 2428; x_wconf 86' lang='lat' dir='ltr'>to</span> <span class='ocrx_word' id='word_1_395' title='bbox 1243 2400 1252 2414; x_wconf 92' lang='lat'>‘</span> <span class='ocrx_word' id='word_1_396' title='bbox 1264 2396 1349 2427; x_wconf 84' lang='lat' dir='ltr'>diem</span> <span class='ocrx_word' id='word_1_397' title='bbox 1366 2394 1570 2427; x_wconf 83' lang='lat' dir='ltr'>observares&#39;</span> <span class='ocrx_word' id='word_1_398' title='bbox 1587 2394 1652 2424; x_wconf 85' lang='lat' dir='ltr'>will</span> 
     </span>
     <span class='ocr_line' id='line_1_48' title="bbox 875 2438 1653 2482; baseline -0.008 -8"><span class='ocrx_word' id='word_1_399' title='bbox 875 2454 967 2474; x_wconf 78' lang='lat' dir='ltr'>cause</span> <span class='ocrx_word' id='word_1_400' title='bbox 984 2453 1025 2473; x_wconf 92' lang='lat' dir='ltr'>no</span> <span class='ocrx_word' id='word_1_401' title='bbox 1041 2441 1199 2482; x_wconf 69' lang='lat' dir='ltr'>difficulty</span> <span class='ocrx_word' id='word_1_402' title='bbox 1216 2443 1251 2472; x_wconf 83' lang='lat' dir='ltr'>to</span> <span class='ocrx_word' id='word_1_403' title='bbox 1267 2441 1359 2472; x_wconf 81' lang='lat' dir='ltr'>those</span> <span class='ocrx_word' id='word_1_404' title='bbox 1375 2440 1447 2470; x_wconf 87' lang='lat' dir='ltr'>who</span> <span class='ocrx_word' id='word_1_405' title='bbox 1470 2439 1552 2469; x_wconf 81' lang='lat' dir='ltr'>have</span> <span class='ocrx_word' id='word_1_406' title='bbox 1575 2438 1653 2469; x_wconf 78' lang='lat' dir='ltr'>read</span> 
     </span>
     <span class='ocr_line' id='line_1_49' title="bbox 875 2486 1182 2521; baseline -0.007 -4"><span class='ocrx_word' id='word_1_407' title='bbox 875 2487 947 2517; x_wconf 90' lang='lat' dir='ltr'>Lib.</span> <span class='ocrx_word' id='word_1_408' title='bbox 965 2488 994 2517; x_wconf 87' lang='grc'>1.</span> <span class='ocrx_word' id='word_1_409' title='bbox 1012 2497 1039 2517; x_wconf 90' lang='grc'>(·.</span> <span class='ocrx_word' id='word_1_410' title='bbox 1056 2487 1109 2521; x_wconf 63' lang='lat'>44,</span> <span class='ocrx_word' id='word_1_411' title='bbox 1127 2486 1182 2516; x_wconf 75' lang='lat' dir='ltr'>&amp;c-</span> 
     </span>
    </p>

    <p class='ocr_par' dir='ltr' id='par_1_9' title="bbox 874 2525 1653 2788">
     <span class='ocr_line' id='line_1_50' title="bbox 918 2525 1652 2571; baseline -0.01 -10"><span class='ocrx_word' id='word_1_412' title='bbox 918 2531 957 2561; x_wconf 88' lang='lat' dir='ltr'>L.</span> <span class='ocrx_word' id='word_1_413' title='bbox 990 2530 1124 2561; x_wconf 67' lang='lat' dir='ltr'>Octavio</span> <span class='ocrx_word' id='word_1_414' title='bbox 1152 2527 1226 2571; x_wconf 62' lang='grc' dir='ltr'>εςτκ]</span> <span class='ocrx_word' id='word_1_415' title='bbox 1273 2527 1341 2558; x_wconf 76' lang='lat' dir='ltr'>The</span> <span class='ocrx_word' id='word_1_416' title='bbox 1368 2526 1494 2558; x_wconf 73' lang='lat' dir='ltr'>consuls</span> <span class='ocrx_word' id='word_1_417' title='bbox 1524 2525 1561 2555; x_wconf 91' lang='lat' dir='ltr'>of</span> <span class='ocrx_word' id='word_1_418' title='bbox 1586 2533 1652 2555; x_wconf 65' lang='lat' dir='ltr'>Rc.</span> 
     </span>
     <span class='ocr_line' id='line_1_51' title="bbox 874 2570 1652 2614; baseline -0.01 -8"><span class='ocrx_word' id='word_1_419' title='bbox 874 2573 926 2611; x_wconf 85' lang='lat'>75,</span> <span class='ocrx_word' id='word_1_420' title='bbox 944 2574 1001 2605; x_wconf 76' lang='lat' dir='ltr'>the</span> <span class='ocrx_word' id='word_1_421' title='bbox 1025 2583 1102 2614; x_wconf 70' lang='lat' dir='ltr'>year</span> <span class='ocrx_word' id='word_1_422' title='bbox 1126 2572 1159 2602; x_wconf 90' lang='lat' dir='ltr'>in</span> <span class='ocrx_word' id='word_1_423' title='bbox 1176 2571 1281 2602; x_wconf 80' lang='lat' dir='ltr'>which</span> <span class='ocrx_word' id='word_1_424' title='bbox 1299 2570 1411 2601; x_wconf 79' lang='lat' dir='ltr'>Cicero</span> <span class='ocrx_word' id='word_1_425' title='bbox 1427 2580 1490 2600; x_wconf 79' lang='lat' dir='ltr'>was</span> <span class='ocrx_word' id='word_1_426' title='bbox 1507 2579 1525 2599; x_wconf 83' lang='lat' dir='ltr'>a</span> <span class='ocrx_word' id='word_1_427' title='bbox 1541 2579 1652 2609; x_wconf 72' lang='lat' dir='ltr'>quaes-</span> 
     </span>
     <span class='ocr_line' id='line_1_52' title="bbox 876 2612 1653 2657; baseline -0.008 -9"><span class='ocrx_word' id='word_1_428' title='bbox 876 2620 928 2649; x_wconf 86' lang='lat' dir='ltr'>tor</span> <span class='ocrx_word' id='word_1_429' title='bbox 944 2617 977 2648; x_wconf 89' lang='lat' dir='ltr'>in</span> <span class='ocrx_word' id='word_1_430' title='bbox 995 2617 1103 2657; x_wconf 67' lang='lat' dir='ltr'>Sicily.</span> <span class='ocrx_word' id='word_1_431' title='bbox 1132 2616 1227 2646; x_wconf 83' lang='lat' dir='ltr'>From</span> <span class='ocrx_word' id='word_1_432' title='bbox 1245 2615 1311 2646; x_wconf 78' lang='lat' dir='ltr'>this</span> <span class='ocrx_word' id='word_1_433' title='bbox 1327 2624 1459 2654; x_wconf 65' lang='lat' dir='ltr'>passage</span> <span class='ocrx_word' id='word_1_434' title='bbox 1475 2623 1522 2643; x_wconf 80' lang='lat' dir='ltr'>wc</span> <span class='ocrx_word' id='word_1_435' title='bbox 1538 2612 1653 2642; x_wconf 77' lang='lat' dir='ltr'>collect</span> 
     </span>
     <span class='ocr_line' id='line_1_53' title="bbox 876 2655 1653 2692; baseline -0.01 0"><span class='ocrx_word' id='word_1_436' title='bbox 876 2662 951 2692; x_wconf 78' lang='lat' dir='ltr'>that</span> <span class='ocrx_word' id='word_1_437' title='bbox 968 2661 1059 2692; x_wconf 79' lang='lat' dir='ltr'>there</span> <span class='ocrx_word' id='word_1_438' title='bbox 1071 2670 1153 2690; x_wconf 82' lang='lat' dir='ltr'>were</span> <span class='ocrx_word' id='word_1_439' title='bbox 1170 2663 1178 2676; x_wconf 91' lang='lat'><em>‘</em></span> <span class='ocrx_word' id='word_1_440' title='bbox 1189 2659 1342 2689; x_wconf 76' lang='lat' dir='ltr'>decumae</span> <span class='ocrx_word' id='word_1_441' title='bbox 1353 2657 1362 2670; x_wconf 85' lang='lat'><em>’</em></span> <span class='ocrx_word' id='word_1_442' title='bbox 1375 2657 1411 2687; x_wconf 84' lang='lat' dir='ltr'>of</span> <span class='ocrx_word' id='word_1_443' title='bbox 1419 2657 1512 2691; x_wconf 79' lang='lat' dir='ltr'>wine,</span> <span class='ocrx_word' id='word_1_444' title='bbox 1525 2655 1577 2692; x_wconf 91' lang='lat' dir='ltr'>oil,</span> <span class='ocrx_word' id='word_1_445' title='bbox 1589 2655 1653 2685; x_wconf 77' lang='lat' dir='ltr'>and</span> 
     </span>
     <span class='ocr_line' id='line_1_54' title="bbox 876 2698 1652 2741; baseline -0.01 -5"><span class='ocrx_word' id='word_1_446' title='bbox 876 2705 1007 2736; x_wconf 77' lang='lat' dir='ltr'>ot&#39;whut</span> <span class='ocrx_word' id='word_1_447' title='bbox 1018 2704 1130 2735; x_wconf 78' lang='lat' dir='ltr'>Cicero</span> <span class='ocrx_word' id='word_1_448' title='bbox 1143 2703 1218 2733; x_wconf 74' lang='lat' dir='ltr'>calls</span> <span class='ocrx_word' id='word_1_449' title='bbox 1230 2706 1237 2718; x_wconf 92' lang='lat'>‘</span> <span class='ocrx_word' id='word_1_450' title='bbox 1245 2702 1354 2741; x_wconf 79' lang='lat' dir='ltr'>fruges</span> <span class='ocrx_word' id='word_1_451' title='bbox 1364 2699 1532 2735; x_wconf 59' lang='lat' dir='ltr'>minutae:</span> <span class='ocrx_word' id='word_1_452' title='bbox 1546 2698 1652 2729; x_wconf 85' lang='lat' dir='ltr'>which</span> 
     </span>
     <span class='ocr_line' id='line_1_55' title="bbox 877 2743 1443 2788; baseline -0.011 -9"><span class='ocrx_word' id='word_1_453' title='bbox 877 2759 931 2779; x_wconf 80' lang='lat' dir='ltr'>are</span> <span class='ocrx_word' id='word_1_454' title='bbox 947 2747 1115 2788; x_wconf 79' lang='lat' dir='ltr'>explained</span> <span class='ocrx_word' id='word_1_455' title='bbox 1132 2749 1166 2777; x_wconf 89' lang='lat' dir='ltr'>to</span> <span class='ocrx_word' id='word_1_456' title='bbox 1182 2746 1220 2776; x_wconf 84' lang='lat' dir='ltr'>be</span> <span class='ocrx_word' id='word_1_457' title='bbox 1238 2743 1443 2784; x_wconf 79' lang='lat' dir='ltr'>‘lcgumi1m.’</span> 
     </span>
    </p>

    <p class='ocr_par' dir='ltr' id='par_1_10' title="bbox 878 2785 1654 2914">
     <span class='ocr_line' id='line_1_56' title="bbox 921 2785 1653 2832; baseline -0.011 -10"><span class='ocrx_word' id='word_1_458' title='bbox 921 2802 1017 2832; x_wconf 79' lang='lat' dir='ltr'>quam</span> <span class='ocrx_word' id='word_1_459' title='bbox 1035 2792 1116 2832; x_wconf 71' lang='lat' dir='ltr'>ipsis</span> <span class='ocrx_word' id='word_1_460' title='bbox 1132 2788 1312 2829; x_wconf 67' lang='lat' dir='ltr'>videretur]</span> <span class='ocrx_word' id='word_1_461' title='bbox 1353 2787 1439 2817; x_wconf 73' lang='lat' dir='ltr'>&#39;rlmt</span> <span class='ocrx_word' id='word_1_462' title='bbox 1455 2786 1492 2821; x_wconf 71' lang='lat' dir='ltr'>is,</span> <span class='ocrx_word' id='word_1_463' title='bbox 1510 2785 1653 2816; x_wconf 76' lang='lat' dir='ltr'>‘videre-</span> 
     </span>
     <span class='ocr_line' id='line_1_57' title="bbox 878 2828 1654 2873; baseline -0.012 -6"><span class='ocrx_word' id='word_1_464' title='bbox 878 2837 934 2867; x_wconf 80' lang='lat' dir='ltr'>tur</span> <span class='ocrx_word' id='word_1_465' title='bbox 950 2834 1078 2866; x_wconf 86' lang='lat' dir='ltr'>dicere.&#39;</span> <span class='ocrx_word' id='word_1_466' title='bbox 1104 2834 1222 2873; x_wconf 87' lang='lat' dir='ltr'>Zumpt</span> <span class='ocrx_word' id='word_1_467' title='bbox 1233 2832 1332 2863; x_wconf 67' lang='lat' dir='ltr'>refers</span> <span class='ocrx_word' id='word_1_468' title='bbox 1347 2834 1382 2861; x_wconf 86' lang='lat' dir='ltr'>to</span> <span class='ocrx_word' id='word_1_469' title='bbox 1394 2828 1654 2860; x_wconf 75' lang='lat' dir='ltr'>Drakenborch‘s</span> 
     </span>
     <span class='ocr_line' id='line_1_58' title="bbox 880 2871 1653 2914; baseline -0.013 -3"><span class='ocrx_word' id='word_1_470' title='bbox 880 2881 956 2911; x_wconf 85' lang='lat' dir='ltr'>note</span> <span class='ocrx_word' id='word_1_471' title='bbox 971 2889 1013 2910; x_wconf 89' lang='lat' dir='ltr'>on</span> <span class='ocrx_word' id='word_1_472' title='bbox 1030 2878 1101 2909; x_wconf 90' lang='lat' dir='ltr'>Liv.</span> <span class='ocrx_word' id='word_1_473' title='bbox 1118 2877 1161 2908; x_wconf 70' lang='lat' dir='ltr'>vi.</span> <span class='ocrx_word' id='word_1_474' title='bbox 1178 2876 1230 2913; x_wconf 84' lang='lat'>26,</span> <span class='ocrx_word' id='word_1_475' title='bbox 1246 2875 1296 2907; x_wconf 82' lang='lat' dir='ltr'>for</span> <span class='ocrx_word' id='word_1_476' title='bbox 1311 2874 1482 2914; x_wconf 78' lang='lat' dir='ltr'>examples,</span> <span class='ocrx_word' id='word_1_477' title='bbox 1499 2873 1535 2904; x_wconf 90' lang='lat' dir='ltr'>of</span> <span class='ocrx_word' id='word_1_478' title='bbox 1546 2871 1653 2903; x_wconf 82' lang='lat' dir='ltr'>which</span> 
     </span>
    </p>
   </div>
   <div class='ocr_carea' id='block_1_6' title="bbox 1396 2930 1427 2959">
    <p class='ocr_par' dir='ltr' id='par_1_11' title="bbox 1396 2930 1427 2959">
     <span class='ocr_line' id='line_1_59' title="bbox 1396 2930 1427 2959; baseline 0 0"><span class='ocrx_word' id='word_1_479' title='bbox 1396 2930 1427 2959; x_wconf 80' lang='lat' dir='ltr'>X</span> 
     </span>
    </p>
   </div>
  </div>
 </body>
</html>
