1849 3167
534 624 758 667 AOTION
762 624 817 666 IS
847 623 1166 666 SECUNDAE

414 751 540 815 IN
609 750 699 817 vC.
783 750 1294 815 VERREM

572 908 759 950 LIBER
790 907 1114 951 SECUNDUS.

380 1031 461 1073 DE
491 1030 520 1073 J
523 1030 917 1074 URISDIOTION
919 1031 956 1072 E
987 1030 1254 1073 SICILIEN
1257 1030 1324 1072 SI.

59 1275 227 1316 [Meliores
243 1274 366 1305 codices
382 1274 498 1315 quibus
513 1273 592 1305 haec
608 1274 712 1305 oratio
728 1274 918 1305 continetur
934 1275 1011 1304 sunt
1026 1273 1061 1304 hi
1077 1286 1084 1304 :

58 1326 119 1366 Lg.
143 1327 185 1356 42
211 1336 242 1366 p.
259 1336 302 1355 m.
323 1334 356 1350 Ξ
377 1325 684 1365 Lagomarsinianus
708 1335 758 1355 nr.
783 1327 824 1355 42
847 1325 1155 1365 praestantissimus,
1181 1324 1236 1365 qui
1260 1335 1333 1355 011111
1358 1325 1398 1355 ab
1422 1324 1517 1355 initio
1540 1335 1578 1355 ex
1601 1335 1655 1365 op-

100 1377 182 1408 timo
209 1377 383 1417 exemplari
411 1377 591 1417 descriptus
616 1379 710 1413 esset,
736 1379 848 1417 postea
875 1377 915 1407 ab
939 1376 1069 1407 homine
1095 1377 1247 1417 imperito
1268 1377 1309 1406 ad
1333 1376 1579 1407 similitudinem
1602 1376 1656 1406 de-

101 1429 260 1460 teriorum
284 1429 430 1459 codicum
454 1430 626 1468 corruptus
649 1431 708 1459 est.
754 1428 972 1465 Quamobrem
989 1428 1090 1468 prior
1111 1439 1226 1458 manus
1253 1430 1404 1458 accurate
1427 1427 1546 1468 ubique
1571 1438 1656 1458 com-

101 1482 312 1516 memoratur,
330 1480 448 1520 quippe
464 1490 545 1520 quae
561 1480 603 1510 ad
617 1489 732 1510 verum
747 1479 978 1509 inveniendum
994 1479 1089 1509 unice
1104 1479 1279 1519 pertineat.

60 1532 86 1562 F
113 1543 146 1560 z
175 1531 395 1562 Fabricianus.
452 1531 561 1572 Hujus
592 1531 710 1562 codicis
740 1531 952 1562 vetustissimi
983 1531 1161 1571 scripturas
1191 1541 1210 1561 a
1239 1531 1376 1571 vulgata
1406 1530 1592 1561 differentes
1622 1530 1657 1560 in

101 1583 248 1614 libellum
271 1583 389 1614 relatas
414 1583 455 1613 ad
476 1583 673 1613 Lambinum
697 1583 786 1613 misit
810 1582 864 1613 Fr.
881 1582 1047 1613 Fabricius
1071 1582 1338 1612 Marcoduranus.
1384 1581 1448 1611 Eas
1471 1581 1657 1611 confirmari

103 1635 227 1666 duobus
244 1635 406 1665 codicibus
421 1645 496 1664 mss.
513 1635 653 1665 Puteaui
669 1634 773 1665 tradit
791 1634 968 1664 Lambinus
985 1633 1025 1664 ad
1041 1633 1173 1663 initium
1189 1633 1285 1674 hujus
1301 1633 1466 1664 orationis.
1505 1632 1554 1663 Cf.
1571 1632 1657 1662 infra

103 1687 145 1717 ad
165 1687 210 1717 iii.
227 1697 254 1716 c.
271 1688 314 1716 24
330 1689 339 1703 ‘
352 1697 448 1717 causa
470 1686 556 1716 fuit?
603 1685 775 1726 Conspirat
798 1687 909 1715 autem
932 1685 985 1715 hic
1004 1685 1103 1714 codex
1126 1685 1245 1714 mirum
1262 1687 1422 1725 quantum
1446 1695 1520 1715 cum
1537 1684 1598 1724 Lg.
1615 1685 1657 1714 42

103 1748 134 1778 p.
150 1748 205 1774 m.,
221 1739 260 1768 ut
276 1748 328 1768 eos
344 1748 382 1768 ex
398 1738 509 1768 codem
527 1737 634 1767 codice
651 1737 829 1777 archetypo
845 1736 1023 1776 descriptos
1039 1746 1105 1766 esse
1128 1736 1250 1775 liquido
1273 1738 1438 1776 appareat.
1485 1735 1548 1765 Ubi
1571 1735 1658 1775 apud

79 1809 82 1811 -
103 1789 218 1819 Lamb.
234 1789 285 1819 vel
307 1789 341 1819 in
363 1791 459 1819 textu
475 1789 526 1819 vel
549 1789 582 1819 in
605 1788 753 1829 margine
777 1788 855 1818 edit.
872 1789 975 1827 repet.
992 1788 1077 1819 1584
1092 1787 1189 1818 lectio
1212 1788 1376 1828 reperitur
1399 1787 1439 1817 ab
1462 1786 1604 1817 editione
1628 1796 1657 1816 a.

104 1842 189 1872 1566
214 1841 409 1881 discrepans,
438 1851 512 1871 cum
536 1841 661 1881 optima
687 1840 811 1871 familia
835 1840 992 1876 codicum,
1019 1839 1179 1880 imprimis
1206 1850 1280 1870 cum
1307 1839 1368 1880 Lg.
1392 1840 1434 1869 42
1458 1849 1489 1879 p.
1514 1849 1557 1868 m.
1583 1848 1657 1868 con-

104 1894 250 1929 cordans,
275 1893 321 1923 ibi
343 1903 415 1923 eam
440 1903 478 1923 ex
503 1892 572 1923 cod.
596 1892 693 1923 Fabr.
716 1892 944 1932 depromptam
969 1901 1035 1922 esse
1060 1893 1187 1922 certum
1210 1893 1269 1922 est.
1315 1891 1482 1932 Ejusmodi
1504 1890 1658 1921 lectiones

103 1945 358 1986 significavimus
385 1950 419 1984 φ,
447 1955 510 1985 quo
541 1944 803 1974 discernerentur
828 1944 868 1974 ab
892 1943 941 1980 115,
969 1943 1085 1983 quibus
1112 1953 1131 1973 a
1157 1943 1316 1973 Lambino
1338 1954 1367 1973 v.
1393 1954 1419 1973 c.
1445 1942 1466 1972 i.
1488 1952 1515 1973 e.
1538 1941 1658 1973 veteris

105 1997 223 2027 codicis
250 1995 434 2026 Fabriciani
460 1996 639 2026 auctoritas
665 1995 786 2026 diserte
813 1995 977 2035 adscripta
1003 1997 1062 2025 cst.
1108 1994 1302 2035 Ubicunque
1331 1994 1366 2024 in
1391 1994 1465 2024 libr.
1491 1994 1525 2024 ii.
1552 1996 1586 2024 et
1612 1993 1658 2023 iii.

106 2048 224 2079 codicis
239 2047 424 2078 Fabriciani
450 2047 499 2088 (F.
516 2058 541 2078 5.
559 2047 595 2087 φ)
619 2047 819 2078 mentionem
838 2058 904 2077 non
927 2047 1071 2084 fecimus,
1095 2047 1141 2077 ibi
1156 2047 1195 2078 de
1212 2047 1279 2088 ejus
1302 2047 1464 2087 scriptura
1479 2046 1561 2076 nihil
1584 2056 1658 2077 0011-

106 2102 184 2130 stat.
230 2099 323 2129 Idem
338 2099 426 2130 valet
442 2099 481 2129 de
497 2098 687 2129 Metelliano
703 2101 737 2129 et
752 2099 937 2129 Nanniano.

64 2150 101 2182 M
121 2162 155 2179 z
174 2150 393 2186 MetelliauuS,
419 2151 510 2191 cujus
535 2151 642 2181 varias
667 2150 821 2181 lectiones
848 2161 867 2181 a
892 2150 1064 2181 Guilielmo
1087 2151 1235 2190 acceptas
1259 2149 1420 2180 Gruterus
1446 2150 1547 2180 dedit.
1593 2149 1659 2180 Hic

109 2202 207 2233 codex
227 2201 276 2232 ita
298 2212 371 2232 011111
389 2201 581 2232 Fabriciano
597 2202 759 2232 consentit
776 2204 814 2232 ut
831 2201 1024 2242 quibusdam
1044 2212 1110 2232 non
1129 2201 1293 2232 immerito
1314 2201 1399 2232 idem
1416 2211 1481 2232 esse
1497 2201 1658 2231 videatur.

109 2252 159 2283 Cf.
177 2253 306 2292 Zumpt.
324 2252 430 2283 Praef.
454 2263 485 2292 p.
502 2264 553 2283 xx.
600 2253 663 2284 Sed
687 2263 761 2284 cum
784 2253 852 2293 ejus
874 2253 982 2283 variae
1005 2253 1159 2283 lectiones
1181 2255 1314 2283 tantum
1337 2263 1438 2293 usque
1461 2253 1502 2282 ad
1523 2252 1596 2282 libr.
1613 2252 1658 2282 iii.

109 2314 136 2334 c.
154 2304 195 2334 16
215 2303 402 2344 pertineant
427 2306 525 2344 atque
548 2304 587 2334 iis
609 2304 687 2335 locis
710 2315 776 2334 non
800 2314 873 2334 raro
895 2306 1199 2341 commemorentur,
1216 2304 1272 2334 ubi
1295 2314 1333 2334 ex
1349 2304 1550 2340 Fabriciano,
1568 2303 1660 2344 cujus

109 2365 210 2395 usque
233 2354 275 2385 ad
297 2355 395 2385 finem
413 2355 487 2385 libri
511 2356 556 2385 iii.
572 2356 695 2386 mentio
710 2356 760 2393 fit,
777 2355 859 2386 nihil
882 2357 1046 2392 enotatur,
1070 2357 1179 2395 potest
1202 2356 1314 2385 tamen
1338 2355 1527 2396 ambiguum
1552 2355 1660 2395 aliquo

110 2406 205 2437 modo
227 2406 331 2436 videri
357 2406 485 2436 idemne
509 2407 552 2437 sit
577 2407 676 2438 codex
700 2418 742 2438 an
764 2407 946 2438 simillimus
969 2406 1171 2437 Fabriciano.
1216 2406 1434 2444 Quamobrem
1461 2407 1528 2448 ejus
1554 2407 1660 2438 varias

89 2488 92 2493 ,
109 2458 264 2489 lectiones
279 2457 441 2488 noluimus
456 2458 619 2489 omittere.

67 2510 100 2541 N
120 2521 154 2538 z
173 2509 377 2545 Nannianus,
402 2510 700 2549 praestantissimus
722 2509 995 2545 adnumerandus,
1017 2519 1055 2539 ex
1076 2519 1138 2549 quo
1158 2509 1279 2540 multas
1307 2509 1385 2550 (non
1407 2508 1529 2551 01111105)
1555 2509 1662 2540 varias

111 2561 265 2592 lectiones
290 2561 437 2592 enotavit
464 2561 554 2591 Pctr.
579 2561 740 2591 Nunnius.
794 2561 857 2591 Eas
884 2561 950 2591 fere
974 2570 1084 2591 omnes
1110 2561 1232 2601 recepit
1259 2560 1332 2592 Car.
1359 2562 1542 2602 Stephanus
1563 2563 1596 2592 et
1626 2561 1660 2591 111

112 2613 298 2654 Appendice
313 2613 375 2643 vol.
392 2613 424 2643 ii.
441 2623 471 2653 p.
489 2613 553 2643 686
569 2614 743 2653 separatim
758 2613 877 2653 posuit.

70 2666 130 2705 Lg.
152 2666 194 2696 29
213 2677 247 2694 z
268 2664 575 2705 Lagomarsiniamis
591 2674 640 2694 nr.
658 2665 710 2695 29.

70 2718 98 2746 A
119 2729 152 2745 z
173 2716 361 2746 parisiensis
377 2725 426 2745 nr.
444 2716 539 2745 4588.
565 2714 653 2745 Sacc.
670 2715 736 2745 xiii.

71 2767 99 2797 B
120 2779 151 2795 Ξ
173 2766 361 2797 parisiensis
376 2777 425 2796 nr.
442 2765 537 2798 7776.
556 2766 645 2796 Sacc.
662 2766 728 2796 xiii.
756 2766 802 2796 Hi
818 2767 886 2796 tres
902 2766 1036 2802 codices,
1053 2766 1109 2806 qui
1124 2769 1163 2797 ut
1179 2767 1240 2807 Lg.
1257 2769 1309 2804 42,
1326 2767 1571 2808 diligentissime
1586 2769 1664 2798 sunt

115 2818 233 2854 collati,
256 2818 446 2858 plerumque
462 2817 648 2858 conspirant
671 2816 758 2848 inter
774 2827 817 2854 se,
834 2819 868 2848 et
884 2819 922 2847 ut
937 2817 1123 2848 melioribus
1138 2821 1215 2849 sunt
1231 2819 1476 2856 adnumerandi,
1499 2819 1547 2849 ita
1572 2828 1663 2859 supe-

114 2869 252 2899 rioribus
268 2880 331 2900 non
346 2870 441 2910 plane
457 2869 667 2909 exaequandi.

71 2922 92 2952 4
107 2920 270 2961 significat
286 2931 475 2952 consensum
493 2920 639 2951 codicum
656 2920 718 2960 Lg.
736 2921 777 2951 29
794 2920 835 2950 42
851 2920 890 2950 A.
908 2920 945 2950 B.
