<?xml version="1.0" encoding="UTF-8"?>
<!DOCTYPE html PUBLIC "-//W3C//DTD XHTML 1.0 Transitional//EN"
    "http://www.w3.org/TR/xhtml1/DTD/xhtml1-transitional.dtd">
<html xmlns="http://www.w3.org/1999/xhtml" xml:lang="en" lang="en">
 <head>
  <title>
</title>
<meta http-equiv="Content-Type" content="text/html;charset=utf-8" />
  <meta name='ocr-system' content='tesseract 3.04.00' />
  <meta name='ocr-capabilities' content='ocr_page ocr_carea ocr_par ocr_line ocrx_word'/>
</head>
<body>
  <div class='ocr_page' id='page_1' title='image "./orationeswithcom01ciceuoft_0251.png"; bbox 0 0 1849 3167; ppageno 0'>
   <div class='ocr_carea' id='block_1_1' title="bbox 492 124 1692 169">
    <p class='ocr_par' dir='ltr' id='par_1_1' title="bbox 492 124 1692 169">
     <span class='ocr_line' id='line_1_1' title="bbox 492 124 1692 169; baseline -0.001 0"><span class='ocrx_word' id='word_1_1' title='bbox 492 126 619 169; x_wconf 77' lang='lat' dir='ltr'>AOT.</span> <span class='ocrx_word' id='word_1_2' title='bbox 651 125 715 168; x_wconf 90' lang='lat' dir='ltr'>II.</span> <span class='ocrx_word' id='word_1_3' title='bbox 747 124 933 167; x_wconf 86' lang='lat' dir='ltr'>LIBER</span> <span class='ocrx_word' id='word_1_4' title='bbox 962 124 1286 168; x_wconf 81' lang='lat' dir='ltr'>SECUNDUS.</span> <span class='ocrx_word' id='word_1_5' title='bbox 1607 127 1692 168; x_wconf 81' lang='lat'>233</span> 
     </span>
    </p>
   </div>
   <div class='ocr_carea' id='block_1_2' title="bbox 86 239 1694 1928">
    <p class='ocr_par' dir='ltr' id='par_1_2' title="bbox 86 239 1694 1850">
     <span class='ocr_line' id='line_1_2' title="bbox 92 239 1693 297; baseline -0.002 -13"><span class='ocrx_word' id='word_1_6' title='bbox 92 241 259 284; x_wconf 89' lang='lat' dir='ltr'>Metelli</span> <span class='ocrx_word' id='word_1_7' title='bbox 288 240 495 297; x_wconf 87' lang='lat' dir='ltr'>ejusmodi</span> <span class='ocrx_word' id='word_1_8' title='bbox 518 246 567 282; x_wconf 89' lang='lat' dir='ltr'>ut</span> <span class='ocrx_word' id='word_1_9' title='bbox 590 256 676 282; x_wconf 89' lang='lat' dir='ltr'>non</span> <span class='ocrx_word' id='word_1_10' title='bbox 707 245 798 282; x_wconf 87' lang='lat' dir='ltr'>tam</span> <span class='ocrx_word' id='word_1_11' title='bbox 821 254 942 281; x_wconf 89' lang='lat' dir='ltr'>suam</span> <span class='ocrx_word' id='word_1_12' title='bbox 967 243 1211 294; x_wconf 89' lang='lat' dir='ltr'>praeturam</span> <span class='ocrx_word' id='word_1_13' title='bbox 1239 253 1385 294; x_wconf 80' lang='lat' dir='ltr'><strong>gerere</strong></span> <span class='ocrx_word' id='word_1_14' title='bbox 1410 253 1539 294; x_wconf 86' lang='lat' dir='ltr'>quam</span> <span class='ocrx_word' id='word_1_15' title='bbox 1570 239 1693 281; x_wconf 90' lang='lat' dir='ltr'>istius</span> 
     </span>
     <span class='ocr_line' id='line_1_3' title="bbox 91 303 1689 363; baseline -0.002 -14"><span class='ocrx_word' id='word_1_16' title='bbox 91 312 336 363; x_wconf 85' lang='lat' dir='ltr'>praeturam</span> <span class='ocrx_word' id='word_1_17' title='bbox 360 311 550 347; x_wconf 76' lang='lat' dir='ltr'>retexere</span> <span class='ocrx_word' id='word_1_18' title='bbox 572 306 798 347; x_wconf 86' lang='lat' dir='ltr'>videretur.</span> <span class='ocrx_word' id='word_1_19' title='bbox 861 304 998 346; x_wconf 82' lang='lat' dir='ltr'>Simul</span> <span class='ocrx_word' id='word_1_20' title='bbox 1029 309 1157 359; x_wconf 88' lang='lat' dir='ltr'>atque</span> <span class='ocrx_word' id='word_1_21' title='bbox 1185 319 1263 358; x_wconf 93' lang='lat' dir='ltr'>ego</span> <span class='ocrx_word' id='word_1_22' title='bbox 1294 303 1340 344; x_wconf 92' lang='lat' dir='ltr'>in</span> <span class='ocrx_word' id='word_1_23' title='bbox 1368 303 1558 345; x_wconf 80' lang='lat' dir='ltr'>Siciliam</span> <span class='ocrx_word' id='word_1_24' title='bbox 1577 305 1689 354; x_wconf 87' lang='lat' dir='ltr'>veni,</span> 
     </span>
     <span class='ocr_line' id='line_1_4' title="bbox 92 369 1692 424; baseline -0.001 -11"><span class='ocrx_word' id='word_1_25' title='bbox 92 377 281 413; x_wconf 86' lang='lat' dir='ltr'>mutatus</span> <span class='ocrx_word' id='word_1_26' title='bbox 312 376 386 412; x_wconf 89' lang='lat' dir='ltr'>est.</span> <span class='ocrx_word' id='word_1_27' title='bbox 448 371 637 412; x_wconf 84' lang='lat' dir='ltr'>Venerat</span> <span class='ocrx_word' id='word_1_28' title='bbox 668 372 722 412; x_wconf 86' lang='lat' dir='ltr'>ad</span> <span class='ocrx_word' id='word_1_29' title='bbox 752 387 848 412; x_wconf 91' lang='lat' dir='ltr'>eum</span> <span class='ocrx_word' id='word_1_30' title='bbox 878 370 952 411; x_wconf 87' lang='lat' dir='ltr'>illo</span> <span class='ocrx_word' id='word_1_31' title='bbox 982 370 1112 411; x_wconf 86' lang='lat' dir='ltr'>biduo</span> <span class='ocrx_word' id='word_1_32' title='bbox 1144 369 1326 410; x_wconf 89' lang='lat' dir='ltr'>Letilius</span> <span class='ocrx_word' id='word_1_33' title='bbox 1356 369 1542 424; x_wconf 86' lang='lat' dir='ltr'>quidam,</span> <span class='ocrx_word' id='word_1_34' title='bbox 1565 371 1692 412; x_wconf 88' lang='lat' dir='ltr'>homo</span> 
     </span>
     <span class='ocr_line' id='line_1_5' title="bbox 92 435 1689 492; baseline -0.001 -14"><span class='ocrx_word' id='word_1_35' title='bbox 92 453 179 478; x_wconf 87' lang='lat' dir='ltr'>non</span> <span class='ocrx_word' id='word_1_36' title='bbox 212 438 374 478; x_wconf 85' lang='lat' dir='ltr'>alienus</span> <span class='ocrx_word' id='word_1_37' title='bbox 407 452 430 478; x_wconf 89' lang='lat' dir='ltr'>a</span> <span class='ocrx_word' id='word_1_38' title='bbox 466 437 626 479; x_wconf 84' lang='lat' dir='ltr'>literis:</span> <span class='ocrx_word' id='word_1_39' title='bbox 668 437 811 492; x_wconf 86' lang='lat' dir='ltr'>itaque</span> <span class='ocrx_word' id='word_1_40' title='bbox 845 451 892 477; x_wconf 90' lang='lat' dir='ltr'>eo</span> <span class='ocrx_word' id='word_1_41' title='bbox 924 436 1003 477; x_wconf 90' lang='lat' dir='ltr'>iste</span> <span class='ocrx_word' id='word_1_42' title='bbox 1038 435 1259 476; x_wconf 81' lang='lat' dir='ltr'>tabellario</span> <span class='ocrx_word' id='word_1_43' title='bbox 1293 449 1457 489; x_wconf 81' lang='lat' dir='ltr'>semper</span> <span class='ocrx_word' id='word_1_44' title='bbox 1487 450 1585 476; x_wconf 90' lang='lat' dir='ltr'>usus</span> <span class='ocrx_word' id='word_1_45' title='bbox 1616 440 1689 476; x_wconf 89' lang='lat' dir='ltr'>est.</span> 
     </span>
     <span class='ocr_line' id='line_1_6' title="bbox 92 500 1692 558; baseline -0.002 -14"><span class='ocrx_word' id='word_1_46' title='bbox 92 503 137 544; x_wconf 90' lang='lat' dir='ltr'>Is</span> <span class='ocrx_word' id='word_1_47' title='bbox 170 503 367 558; x_wconf 78' lang='lat' dir='ltr'>epistolas</span> <span class='ocrx_word' id='word_1_48' title='bbox 400 502 634 556; x_wconf 81' lang='lat' dir='ltr'>complures</span> <span class='ocrx_word' id='word_1_49' title='bbox 667 502 881 551; x_wconf 85' lang='lat' dir='ltr'>attulerat,</span> <span class='ocrx_word' id='word_1_50' title='bbox 916 501 963 542; x_wconf 90' lang='lat' dir='ltr'>in</span> <span class='ocrx_word' id='word_1_51' title='bbox 995 500 1062 541; x_wconf 87' lang='lat' dir='ltr'>his</span> <span class='ocrx_word' id='word_1_52' title='bbox 1098 515 1228 541; x_wconf 90' lang='lat' dir='ltr'>unam</span> <span class='ocrx_word' id='word_1_53' title='bbox 1260 500 1384 540; x_wconf 89' lang='lat' dir='ltr'>domo</span> <span class='ocrx_word' id='word_1_54' title='bbox 1417 515 1525 554; x_wconf 87' lang='lat' dir='ltr'>quae</span> <span class='ocrx_word' id='word_1_55' title='bbox 1556 505 1692 541; x_wconf 89' lang='lat' dir='ltr'>totum</span> 
     </span>
     <span class='ocr_line' id='line_1_7' title="bbox 91 564 1694 622; baseline -0.001 -13"><span class='ocrx_word' id='word_1_56' title='bbox 91 573 278 609; x_wconf 87' lang='lat' dir='ltr'>mutarat</span> <span class='ocrx_word' id='word_1_57' title='bbox 302 568 531 609; x_wconf 86' lang='lat' dir='ltr'>hominem.</span> <span class='ocrx_word' id='word_1_58' title='bbox 593 568 787 622; x_wconf 84' lang='lat' dir='ltr'>Repente</span> <span class='ocrx_word' id='word_1_59' title='bbox 817 566 955 621; x_wconf 89' lang='lat' dir='ltr'>coepit</span> <span class='ocrx_word' id='word_1_60' title='bbox 985 566 1124 607; x_wconf 82' lang='lat' dir='ltr'>dicere</span> <span class='ocrx_word' id='word_1_61' title='bbox 1155 581 1198 606; x_wconf 91' lang='lat' dir='ltr'>se</span> <span class='ocrx_word' id='word_1_62' title='bbox 1228 565 1370 606; x_wconf 86' lang='lat' dir='ltr'>omnia</span> <span class='ocrx_word' id='word_1_63' title='bbox 1391 564 1539 606; x_wconf 88' lang='lat' dir='ltr'>Verris</span> <span class='ocrx_word' id='word_1_64' title='bbox 1569 580 1694 607; x_wconf 86' lang='lat' dir='ltr'>causa</span> 
     </span>
     <span class='ocr_line' id='line_1_8' title="bbox 91 630 1694 687; baseline -0.002 -12"><span class='ocrx_word' id='word_1_65' title='bbox 91 634 225 675; x_wconf 87' lang='lat' dir='ltr'>velle:</span> <span class='ocrx_word' id='word_1_66' title='bbox 260 633 340 674; x_wconf 88' lang='lat' dir='ltr'>sibi</span> <span class='ocrx_word' id='word_1_67' title='bbox 373 648 469 674; x_wconf 89' lang='lat' dir='ltr'>cum</span> <span class='ocrx_word' id='word_1_68' title='bbox 501 650 549 676; x_wconf 84' lang='lat' dir='ltr'>eo</span> <span class='ocrx_word' id='word_1_69' title='bbox 582 633 815 674; x_wconf 76' lang='lat' dir='ltr'>amicitiam</span> <span class='ocrx_word' id='word_1_70' title='bbox 844 631 1228 687; x_wconf 76' lang='lat' dir='ltr'>cognationemque</span> <span class='ocrx_word' id='word_1_71' title='bbox 1259 646 1358 672; x_wconf 89' lang='lat' dir='ltr'>esse.</span> <span class='ocrx_word' id='word_1_72' title='bbox 1422 630 1694 672; x_wconf 80' lang='lat' dir='ltr'>Mirabantur</span> 
     </span>
     <span class='ocr_line' id='line_1_9' title="bbox 90 696 1694 753; baseline -0.002 -13"><span class='ocrx_word' id='word_1_73' title='bbox 90 714 236 740; x_wconf 89' lang='lat' dir='ltr'>omnes</span> <span class='ocrx_word' id='word_1_74' title='bbox 266 699 346 740; x_wconf 90' lang='lat' dir='ltr'>hoc</span> <span class='ocrx_word' id='word_1_75' title='bbox 376 698 416 739; x_wconf 87' lang='lat' dir='ltr'>ei</span> <span class='ocrx_word' id='word_1_76' title='bbox 447 704 540 740; x_wconf 90' lang='lat' dir='ltr'>tum</span> <span class='ocrx_word' id='word_1_77' title='bbox 577 697 760 753; x_wconf 90' lang='lat' dir='ltr'>denique</span> <span class='ocrx_word' id='word_1_78' title='bbox 792 697 839 738; x_wconf 90' lang='lat' dir='ltr'>in</span> <span class='ocrx_word' id='word_1_79' title='bbox 870 702 1059 738; x_wconf 90' lang='lat' dir='ltr'>mentem</span> <span class='ocrx_word' id='word_1_80' title='bbox 1088 696 1266 746; x_wconf 86' lang='lat' dir='ltr'>venisse,</span> <span class='ocrx_word' id='word_1_81' title='bbox 1297 700 1573 751; x_wconf 83' lang='lat' dir='ltr'>posteaquam</span> <span class='ocrx_word' id='word_1_82' title='bbox 1604 701 1694 737; x_wconf 82' lang='lat' dir='ltr'>tam</span> 
     </span>
     <span class='ocr_line' id='line_1_10' title="bbox 90 761 1693 818; baseline -0.001 -13"><span class='ocrx_word' id='word_1_83' title='bbox 90 764 237 805; x_wconf 89' lang='lat' dir='ltr'>multis</span> <span class='ocrx_word' id='word_1_84' title='bbox 279 779 376 805; x_wconf 88' lang='lat' dir='ltr'>eum</span> <span class='ocrx_word' id='word_1_85' title='bbox 412 763 534 805; x_wconf 88' lang='lat' dir='ltr'>factis</span> <span class='ocrx_word' id='word_1_86' title='bbox 575 763 837 818; x_wconf 85' lang='lat' dir='ltr'>decretisque</span> <span class='ocrx_word' id='word_1_87' title='bbox 872 762 1124 818; x_wconf 82' lang='lat' dir='ltr'>jugulasset.</span> <span class='ocrx_word' id='word_1_88' title='bbox 1200 762 1338 802; x_wconf 86' lang='lat' dir='ltr'>Erant</span> <span class='ocrx_word' id='word_1_89' title='bbox 1378 761 1453 816; x_wconf 90' lang='lat' dir='ltr'>qui</span> <span class='ocrx_word' id='word_1_90' title='bbox 1492 766 1693 816; x_wconf 87' lang='lat' dir='ltr'>putarent</span> 
     </span>
     <span class='ocr_line' id='line_1_11' title="bbox 90 826 1693 885; baseline -0.002 -14"><span class='ocrx_word' id='word_1_91' title='bbox 90 829 298 871; x_wconf 88' lang='lat' dir='ltr'>Letilium</span> <span class='ocrx_word' id='word_1_92' title='bbox 327 829 519 885; x_wconf 87' lang='lat' dir='ltr'>legatum</span> <span class='ocrx_word' id='word_1_93' title='bbox 549 845 573 870; x_wconf 88' lang='lat' dir='ltr'>a</span> <span class='ocrx_word' id='word_1_94' title='bbox 594 829 730 869; x_wconf 88' lang='lat' dir='ltr'>Verre</span> <span class='ocrx_word' id='word_1_95' title='bbox 751 828 916 870; x_wconf 88' lang='lat' dir='ltr'>venisse</span> <span class='ocrx_word' id='word_1_96' title='bbox 943 828 1018 882; x_wconf 92' lang='lat' dir='ltr'>qui</span> <span class='ocrx_word' id='word_1_97' title='bbox 1049 827 1245 882; x_wconf 84' lang='lat' dir='ltr'>gratiam,</span> <span class='ocrx_word' id='word_1_98' title='bbox 1270 826 1515 876; x_wconf 85' lang='lat' dir='ltr'>amicitiam,</span> <span class='ocrx_word' id='word_1_99' title='bbox 1539 842 1693 881; x_wconf 87' lang='lat' dir='ltr'>cogna-</span> 
     </span>
     <span class='ocr_line' id='line_1_12' title="bbox 90 891 1691 950; baseline -0.002 -14"><span class='ocrx_word' id='word_1_100' title='bbox 90 895 334 950; x_wconf 88' lang='lat' dir='ltr'>tionemque</span> <span class='ocrx_word' id='word_1_101' title='bbox 366 899 725 936; x_wconf 88' lang='lat' dir='ltr'>commemoraret.</span> <span class='ocrx_word' id='word_1_102' title='bbox 786 894 856 934; x_wconf 80' lang='lat' dir='ltr'>Ex</span> <span class='ocrx_word' id='word_1_103' title='bbox 885 893 959 934; x_wconf 87' lang='lat' dir='ltr'>illo</span> <span class='ocrx_word' id='word_1_104' title='bbox 990 898 1179 947; x_wconf 89' lang='lat' dir='ltr'>tempore</span> <span class='ocrx_word' id='word_1_105' title='bbox 1210 908 1234 933; x_wconf 89' lang='lat' dir='ltr'>a</span> <span class='ocrx_word' id='word_1_106' title='bbox 1264 891 1510 933; x_wconf 81' lang='lat' dir='ltr'>civitatibus</span> <span class='ocrx_word' id='word_1_107' title='bbox 1545 891 1691 933; x_wconf 90' lang='lat' dir='ltr'>lauda-</span> 
     </span>
     <span class='ocr_line' id='line_1_13' title="bbox 89 957 1692 1015; baseline -0.002 -13"><span class='ocrx_word' id='word_1_108' title='bbox 89 961 226 1002; x_wconf 86' lang='lat' dir='ltr'>tiones</span> <span class='ocrx_word' id='word_1_109' title='bbox 265 967 421 1015; x_wconf 88' lang='lat' dir='ltr'>petere,</span> <span class='ocrx_word' id='word_1_110' title='bbox 459 965 586 1001; x_wconf 83' lang='lat' dir='ltr'>testes</span> <span class='ocrx_word' id='word_1_111' title='bbox 626 974 714 1000; x_wconf 89' lang='lat' dir='ltr'>non</span> <span class='ocrx_word' id='word_1_112' title='bbox 753 959 890 1000; x_wconf 90' lang='lat' dir='ltr'>solum</span> <span class='ocrx_word' id='word_1_113' title='bbox 931 959 1143 999; x_wconf 88' lang='lat' dir='ltr'>deterrere</span> <span class='ocrx_word' id='word_1_114' title='bbox 1183 957 1324 999; x_wconf 86' lang='lat' dir='ltr'>verbis</span> <span class='ocrx_word' id='word_1_115' title='bbox 1364 957 1437 998; x_wconf 87' lang='lat' dir='ltr'>sed</span> <span class='ocrx_word' id='word_1_116' title='bbox 1477 957 1608 998; x_wconf 86' lang='lat' dir='ltr'>etiam</span> <span class='ocrx_word' id='word_1_117' title='bbox 1647 957 1692 999; x_wconf 81' lang='lat' dir='ltr'>vi</span> 
     </span>
     <span class='ocr_line' id='line_1_14' title="bbox 89 1022 1692 1081; baseline -0.003 -13"><span class='ocrx_word' id='word_1_118' title='bbox 89 1027 273 1068; x_wconf 89' lang='lat' dir='ltr'>retinere</span> <span class='ocrx_word' id='word_1_119' title='bbox 305 1027 454 1081; x_wconf 89' lang='lat' dir='ltr'>coepit.</span> <span class='ocrx_word' id='word_1_120' title='bbox 519 1026 642 1072; x_wconf 80' lang='lat' dir='ltr'>Quod</span> <span class='ocrx_word' id='word_1_121' title='bbox 675 1040 754 1080; x_wconf 88' lang='lat' dir='ltr'>ego</span> <span class='ocrx_word' id='word_1_122' title='bbox 790 1024 874 1066; x_wconf 90' lang='lat' dir='ltr'>nisi</span> <span class='ocrx_word' id='word_1_123' title='bbox 909 1039 1002 1065; x_wconf 85' lang='lat' dir='ltr'>meo</span> <span class='ocrx_word' id='word_1_124' title='bbox 1040 1024 1228 1064; x_wconf 84' lang='lat' dir='ltr'>adventu</span> <span class='ocrx_word' id='word_1_125' title='bbox 1262 1022 1377 1063; x_wconf 88' lang='lat' dir='ltr'>illius</span> <span class='ocrx_word' id='word_1_126' title='bbox 1413 1028 1587 1064; x_wconf 88' lang='lat' dir='ltr'>conatus</span> <span class='ocrx_word' id='word_1_127' title='bbox 1616 1023 1692 1063; x_wconf 86' lang='lat' dir='ltr'>ali-</span> 
     </span>
     <span class='ocr_line' id='line_1_15' title="bbox 90 1087 1693 1147; baseline -0.002 -14"><span class='ocrx_word' id='word_1_128' title='bbox 90 1097 300 1147; x_wconf 90' lang='lat' dir='ltr'>quantum</span> <span class='ocrx_word' id='word_1_129' title='bbox 324 1091 626 1146; x_wconf 88' lang='lat' dir='ltr'>repressissem,</span> <span class='ocrx_word' id='word_1_130' title='bbox 650 1095 691 1131; x_wconf 89' lang='lat' dir='ltr'>et</span> <span class='ocrx_word' id='word_1_131' title='bbox 717 1090 831 1144; x_wconf 89' lang='lat' dir='ltr'>apud</span> <span class='ocrx_word' id='word_1_132' title='bbox 861 1089 1024 1130; x_wconf 77' lang='lat' dir='ltr'>Siculos</span> <span class='ocrx_word' id='word_1_133' title='bbox 1048 1103 1134 1129; x_wconf 88' lang='lat' dir='ltr'>non</span> <span class='ocrx_word' id='word_1_134' title='bbox 1162 1087 1330 1129; x_wconf 85' lang='lat' dir='ltr'>Metelli</span> <span class='ocrx_word' id='word_1_135' title='bbox 1354 1088 1427 1128; x_wconf 91' lang='lat' dir='ltr'>sed</span> <span class='ocrx_word' id='word_1_136' title='bbox 1449 1087 1693 1130; x_wconf 82' lang='lat' dir='ltr'>Glabrionis</span> 
     </span>
     <span class='ocr_line' id='line_1_16' title="bbox 89 1153 1690 1212; baseline -0.002 -14"><span class='ocrx_word' id='word_1_137' title='bbox 89 1157 225 1198; x_wconf 86' lang='lat' dir='ltr'>literis</span> <span class='ocrx_word' id='word_1_138' title='bbox 253 1172 300 1198; x_wconf 90' lang='lat' dir='ltr'>ac</span> <span class='ocrx_word' id='word_1_139' title='bbox 320 1157 415 1212; x_wconf 88' lang='lat' dir='ltr'>lege</span> <span class='ocrx_word' id='word_1_140' title='bbox 436 1170 706 1211; x_wconf 89' lang='lat' dir='ltr'>pugnassem,</span> <span class='ocrx_word' id='word_1_141' title='bbox 730 1162 819 1195; x_wconf 89' lang='lat' dir='ltr'>tam</span> <span class='ocrx_word' id='word_1_142' title='bbox 846 1154 1002 1195; x_wconf 90' lang='lat' dir='ltr'>multos</span> <span class='ocrx_word' id='word_1_143' title='bbox 1030 1154 1114 1194; x_wconf 86' lang='lat' dir='ltr'>huc</span> <span class='ocrx_word' id='word_1_144' title='bbox 1135 1168 1308 1194; x_wconf 85' lang='lat' dir='ltr'>evocare</span> <span class='ocrx_word' id='word_1_145' title='bbox 1338 1167 1424 1193; x_wconf 88' lang='lat' dir='ltr'>non</span> <span class='ocrx_word' id='word_1_146' title='bbox 1448 1153 1690 1207; x_wconf 88' lang='lat' dir='ltr'>potuissem.</span> 
     </span>
     <span class='ocr_line' id='line_1_17' title="bbox 88 1217 1690 1276; baseline -0.003 -12"><span class='ocrx_word' id='word_1_147' title='bbox 88 1222 286 1264; x_wconf 83' lang='lat' dir='ltr'><strong>XXVII.</strong></span> <span class='ocrx_word' id='word_1_148' title='bbox 310 1222 485 1271; x_wconf 90' lang='lat' dir='ltr'>Verum,</span> <span class='ocrx_word' id='word_1_149' title='bbox 504 1221 618 1276; x_wconf 89' lang='lat' dir='ltr'>quod</span> <span class='ocrx_word' id='word_1_150' title='bbox 638 1219 808 1260; x_wconf 89' lang='lat' dir='ltr'>institui</span> <span class='ocrx_word' id='word_1_151' title='bbox 829 1219 980 1268; x_wconf 87' lang='lat' dir='ltr'>dicere,</span> <span class='ocrx_word' id='word_1_152' title='bbox 995 1218 1186 1259; x_wconf 86' lang='lat' dir='ltr'>miserias</span> <span class='ocrx_word' id='word_1_153' title='bbox 1208 1217 1448 1273; x_wconf 88' lang='lat' dir='ltr'>cognoscite</span> <span class='ocrx_word' id='word_1_154' title='bbox 1470 1218 1690 1259; x_wconf 86' lang='lat' dir='ltr'>sociorum.</span> 
     </span>
     <span class='ocr_line' id='line_1_18' title="bbox 88 1282 1693 1341; baseline -0.002 -13"><span class='ocrx_word' id='word_1_155' title='bbox 88 1287 314 1329; x_wconf 86' lang='lat' dir='ltr'>Heraclius</span> <span class='ocrx_word' id='word_1_156' title='bbox 345 1286 417 1327; x_wconf 89' lang='lat' dir='ltr'>ille</span> <span class='ocrx_word' id='word_1_157' title='bbox 446 1291 488 1327; x_wconf 89' lang='lat' dir='ltr'>et</span> <span class='ocrx_word' id='word_1_158' title='bbox 518 1285 740 1341; x_wconf 84' lang='lat' dir='ltr'>Epicrates</span> <span class='ocrx_word' id='word_1_159' title='bbox 765 1285 893 1340; x_wconf 87' lang='lat' dir='ltr'>longe</span> <span class='ocrx_word' id='word_1_160' title='bbox 923 1285 1032 1325; x_wconf 88' lang='lat' dir='ltr'>mihi</span> <span class='ocrx_word' id='word_1_161' title='bbox 1059 1284 1228 1325; x_wconf 86' lang='lat' dir='ltr'>obviam</span> <span class='ocrx_word' id='word_1_162' title='bbox 1255 1298 1353 1323; x_wconf 88' lang='lat' dir='ltr'>cum</span> <span class='ocrx_word' id='word_1_163' title='bbox 1385 1282 1470 1324; x_wconf 88' lang='lat' dir='ltr'>suis</span> <span class='ocrx_word' id='word_1_164' title='bbox 1498 1283 1693 1324; x_wconf 89' lang='lat' dir='ltr'>omnibus</span> 
     </span>
     <span class='ocr_line' id='line_1_19' title="bbox 88 1347 1693 1408; baseline -0.002 -14"><span class='ocrx_word' id='word_1_165' title='bbox 88 1356 406 1408; x_wconf 88' lang='lat' dir='ltr'>processerunt:</span> <span class='ocrx_word' id='word_1_166' title='bbox 438 1351 630 1393; x_wconf 78' lang='lat' dir='ltr'>venienti</span> <span class='ocrx_word' id='word_1_167' title='bbox 662 1350 890 1406; x_wconf 81' lang='lat' dir='ltr'>Syracusas</span> <span class='ocrx_word' id='word_1_168' title='bbox 915 1355 1097 1405; x_wconf 91' lang='lat' dir='ltr'>egerunt</span> <span class='ocrx_word' id='word_1_169' title='bbox 1123 1349 1283 1404; x_wconf 84' lang='lat' dir='ltr'>gratias</span> <span class='ocrx_word' id='word_1_170' title='bbox 1304 1347 1477 1389; x_wconf 87' lang='lat' dir='ltr'>flentes:</span> <span class='ocrx_word' id='word_1_171' title='bbox 1511 1347 1693 1390; x_wconf 87' lang='lat' dir='ltr'>Romam</span> 
     </span>
     <span class='ocr_line' id='line_1_20' title="bbox 87 1414 1693 1472; baseline -0.002 -12"><span class='ocrx_word' id='word_1_172' title='bbox 87 1433 255 1460; x_wconf 88' lang='lat' dir='ltr'>mecum</span> <span class='ocrx_word' id='word_1_173' title='bbox 284 1417 484 1459; x_wconf 86' lang='lat' dir='ltr'>decedere</span> <span class='ocrx_word' id='word_1_174' title='bbox 514 1416 780 1472; x_wconf 84' lang='lat' dir='ltr'>cupiverunt.</span> <span class='ocrx_word' id='word_1_175' title='bbox 845 1416 970 1462; x_wconf 77' lang='lat' dir='ltr'>Quod</span> <span class='ocrx_word' id='word_1_176' title='bbox 999 1420 1122 1456; x_wconf 90' lang='lat' dir='ltr'>erant</span> <span class='ocrx_word' id='word_1_177' title='bbox 1155 1414 1265 1455; x_wconf 91' lang='lat' dir='ltr'>mihi</span> <span class='ocrx_word' id='word_1_178' title='bbox 1295 1414 1451 1468; x_wconf 88' lang='lat' dir='ltr'>oppida</span> <span class='ocrx_word' id='word_1_179' title='bbox 1475 1414 1693 1469; x_wconf 83' lang='lat' dir='ltr'>complura</span> 
     </span>
     <span class='ocr_line' id='line_1_21' title="bbox 87 1480 1691 1538; baseline -0.002 -13"><span class='ocrx_word' id='word_1_180' title='bbox 87 1484 218 1525; x_wconf 86' lang='lat' dir='ltr'>etiam</span> <span class='ocrx_word' id='word_1_181' title='bbox 245 1483 409 1538; x_wconf 86' lang='lat' dir='ltr'>reliqua</span> <span class='ocrx_word' id='word_1_182' title='bbox 434 1498 542 1538; x_wconf 89' lang='lat' dir='ltr'>quae</span> <span class='ocrx_word' id='word_1_183' title='bbox 569 1483 687 1524; x_wconf 89' lang='lat' dir='ltr'>adire</span> <span class='ocrx_word' id='word_1_184' title='bbox 711 1482 879 1533; x_wconf 84' lang='lat' dir='ltr'>vellem,</span> <span class='ocrx_word' id='word_1_185' title='bbox 903 1481 1105 1523; x_wconf 88' lang='lat' dir='ltr'>constitui</span> <span class='ocrx_word' id='word_1_186' title='bbox 1132 1496 1230 1522; x_wconf 89' lang='lat' dir='ltr'>cum</span> <span class='ocrx_word' id='word_1_187' title='bbox 1253 1480 1498 1521; x_wconf 90' lang='lat' dir='ltr'>hominibus</span> <span class='ocrx_word' id='word_1_188' title='bbox 1519 1496 1602 1535; x_wconf 91' lang='lat' dir='ltr'>quo</span> <span class='ocrx_word' id='word_1_189' title='bbox 1623 1480 1691 1522; x_wconf 91' lang='lat' dir='ltr'>die</span> 
     </span>
     <span class='ocr_line' id='line_1_22' title="bbox 86 1545 1692 1603; baseline -0.001 -13"><span class='ocrx_word' id='word_1_190' title='bbox 86 1549 196 1590; x_wconf 89' lang='lat' dir='ltr'>mihi</span> <span class='ocrx_word' id='word_1_191' title='bbox 226 1549 446 1590; x_wconf 86' lang='lat' dir='ltr'>Messanae</span> <span class='ocrx_word' id='word_1_192' title='bbox 476 1553 644 1603; x_wconf 90' lang='lat' dir='ltr'>praesto</span> <span class='ocrx_word' id='word_1_193' title='bbox 675 1552 825 1589; x_wconf 85' lang='lat' dir='ltr'>essent.</span> <span class='ocrx_word' id='word_1_194' title='bbox 889 1548 953 1589; x_wconf 85' lang='lat' dir='ltr'>Eo</span> <span class='ocrx_word' id='word_1_195' title='bbox 985 1547 1094 1588; x_wconf 88' lang='lat' dir='ltr'>mihi</span> <span class='ocrx_word' id='word_1_196' title='bbox 1123 1546 1326 1587; x_wconf 80' lang='lat' dir='ltr'>nuntium</span> <span class='ocrx_word' id='word_1_197' title='bbox 1356 1545 1563 1587; x_wconf 89' lang='lat' dir='ltr'>miserunt</span> <span class='ocrx_word' id='word_1_198' title='bbox 1594 1561 1636 1587; x_wconf 89' lang='lat' dir='ltr'>se</span> <span class='ocrx_word' id='word_1_199' title='bbox 1668 1561 1692 1588; x_wconf 83' lang='lat' dir='ltr'>a</span> 
     </span>
     <span class='ocr_line' id='line_1_23' title="bbox 87 1611 1691 1669; baseline -0.002 -14"><span class='ocrx_word' id='word_1_200' title='bbox 87 1619 281 1669; x_wconf 84' lang='lat' dir='ltr'>praetore</span> <span class='ocrx_word' id='word_1_201' title='bbox 316 1615 504 1656; x_wconf 88' lang='lat' dir='ltr'>retineri.</span> <span class='ocrx_word' id='word_1_202' title='bbox 569 1614 731 1660; x_wconf 78' lang='lat' dir='ltr'>Quibus</span> <span class='ocrx_word' id='word_1_203' title='bbox 765 1628 843 1668; x_wconf 88' lang='lat' dir='ltr'>ego</span> <span class='ocrx_word' id='word_1_204' title='bbox 876 1612 1169 1654; x_wconf 88' lang='lat' dir='ltr'>testimonium</span> <span class='ocrx_word' id='word_1_205' title='bbox 1205 1611 1469 1660; x_wconf 83' lang='lat' dir='ltr'>denuntiavi,</span> <span class='ocrx_word' id='word_1_206' title='bbox 1510 1626 1691 1666; x_wconf 90' lang='lat' dir='ltr'>quorum</span> 
     </span>
     <span class='ocr_line' id='line_1_24' title="bbox 87 1676 1690 1733; baseline -0.002 -13"><span class='ocrx_word' id='word_1_207' title='bbox 87 1680 261 1720; x_wconf 88' lang='lat' dir='ltr'>nomina</span> <span class='ocrx_word' id='word_1_208' title='bbox 281 1680 396 1721; x_wconf 88' lang='lat' dir='ltr'>edidi</span> <span class='ocrx_word' id='word_1_209' title='bbox 417 1679 603 1728; x_wconf 88' lang='lat' dir='ltr'>Metello,</span> <span class='ocrx_word' id='word_1_210' title='bbox 620 1678 884 1733; x_wconf 87' lang='lat' dir='ltr'>cupidissimi</span> <span class='ocrx_word' id='word_1_211' title='bbox 900 1677 1112 1725; x_wconf 89' lang='lat' dir='ltr'>veniendi,</span> <span class='ocrx_word' id='word_1_212' title='bbox 1136 1676 1334 1717; x_wconf 74' lang='lat' dir='ltr'>maximis</span> <span class='ocrx_word' id='word_1_213' title='bbox 1356 1676 1526 1731; x_wconf 88' lang='lat' dir='ltr'>injuriis</span> <span class='ocrx_word' id='word_1_214' title='bbox 1548 1676 1690 1717; x_wconf 81' lang='lat' dir='ltr'>affecti</span> 
     </span>
     <span class='ocr_line' id='line_1_25' title="bbox 88 1741 1688 1799; baseline -0.003 -14"><span class='ocrx_word' id='word_1_215' title='bbox 88 1744 226 1785; x_wconf 86' lang='lat' dir='ltr'>adhuc</span> <span class='ocrx_word' id='word_1_216' title='bbox 247 1759 333 1785; x_wconf 91' lang='lat' dir='ltr'>non</span> <span class='ocrx_word' id='word_1_217' title='bbox 353 1749 575 1785; x_wconf 84' lang='lat' dir='ltr'>venerunt.</span> <span class='ocrx_word' id='word_1_218' title='bbox 637 1743 733 1784; x_wconf 87' lang='lat' dir='ltr'>Hoc</span> <span class='ocrx_word' id='word_1_219' title='bbox 759 1744 856 1799; x_wconf 87' lang='lat' dir='ltr'>jure</span> <span class='ocrx_word' id='word_1_220' title='bbox 884 1747 984 1784; x_wconf 89' lang='lat' dir='ltr'>sunt</span> <span class='ocrx_word' id='word_1_221' title='bbox 1009 1743 1111 1784; x_wconf 89' lang='lat' dir='ltr'>socii</span> <span class='ocrx_word' id='word_1_222' title='bbox 1130 1747 1179 1783; x_wconf 89' lang='lat' dir='ltr'>ut</span> <span class='ocrx_word' id='word_1_223' title='bbox 1206 1742 1258 1783; x_wconf 82' lang='lat' dir='ltr'>iis</span> <span class='ocrx_word' id='word_1_224' title='bbox 1279 1757 1332 1782; x_wconf 89' lang='lat' dir='ltr'>ne</span> <span class='ocrx_word' id='word_1_225' title='bbox 1354 1741 1573 1796; x_wconf 86' lang='lat' dir='ltr'>deplorare</span> <span class='ocrx_word' id='word_1_226' title='bbox 1595 1741 1688 1796; x_wconf 89' lang='lat' dir='ltr'>qui-</span> 
     </span>
     <span class='ocr_line' id='line_1_26' title="bbox 87 1809 826 1850; baseline -0.003 0"><span class='ocrx_word' id='word_1_227' title='bbox 87 1810 187 1850; x_wconf 91' lang='lat' dir='ltr'>dem</span> <span class='ocrx_word' id='word_1_228' title='bbox 208 1809 259 1850; x_wconf 92' lang='lat' dir='ltr'>de</span> <span class='ocrx_word' id='word_1_229' title='bbox 282 1809 367 1850; x_wconf 92' lang='lat' dir='ltr'>suis</span> <span class='ocrx_word' id='word_1_230' title='bbox 389 1809 667 1850; x_wconf 86' lang='lat' dir='ltr'>incommodis</span> <span class='ocrx_word' id='word_1_231' title='bbox 687 1809 826 1849; x_wconf 83' lang='lat' dir='ltr'>liceat.</span> 
     </span>
    </p>

    <p class='ocr_par' dir='ltr' id='par_1_3' title="bbox 145 1871 1690 1928">
     <span class='ocr_line' id='line_1_27' title="bbox 145 1871 1690 1928; baseline -0.001 -13"><span class='ocrx_word' id='word_1_232' title='bbox 145 1874 173 1916; x_wconf 83' lang='lat' dir='ltr'><strong>J</strong></span> <span class='ocrx_word' id='word_1_233' title='bbox 176 1889 246 1915; x_wconf 88' lang='lat' dir='ltr'>am</span> <span class='ocrx_word' id='word_1_234' title='bbox 284 1873 476 1915; x_wconf 85' lang='lat' dir='ltr'>Heraclii</span> <span class='ocrx_word' id='word_1_235' title='bbox 517 1873 788 1928; x_wconf 84' lang='lat' dir='ltr'>Centuripini</span> <span class='ocrx_word' id='word_1_236' title='bbox 827 1872 979 1928; x_wconf 88' lang='lat' dir='ltr'>optimi</span> <span class='ocrx_word' id='word_1_237' title='bbox 1025 1871 1362 1926; x_wconf 85' lang='lat' dir='ltr'>nobilissimique</span> <span class='ocrx_word' id='word_1_238' title='bbox 1413 1871 1690 1914; x_wconf 73' lang='lat' dir='ltr'>adolescentis</span> 
     </span>
    </p>
   </div>
   <div class='ocr_carea' id='block_1_3' title="bbox 85 1996 1689 2337">
    <p class='ocr_par' dir='ltr' id='par_1_4' title="bbox 85 1996 1689 2254">
     <span class='ocr_line' id='line_1_28' title="bbox 130 1996 1689 2039; baseline -0.001 -11"><span class='ocrx_word' id='word_1_239' title='bbox 130 1998 188 2029; x_wconf 77' lang='lat' dir='ltr'><em>illo</em></span> <span class='ocrx_word' id='word_1_240' title='bbox 206 1997 319 2039; x_wconf 74' lang='lat' dir='ltr'>biduo]</span> <span class='ocrx_word' id='word_1_241' title='bbox 368 2002 377 2015; x_wconf 88' lang='lat'>‘</span> <span class='ocrx_word' id='word_1_242' title='bbox 392 1998 494 2028; x_wconf 78' lang='lat' dir='ltr'>Biduo</span> <span class='ocrx_word' id='word_1_243' title='bbox 517 1999 593 2028; x_wconf 85' lang='lat' dir='ltr'>ante</span> <span class='ocrx_word' id='word_1_244' title='bbox 617 2007 714 2039; x_wconf 85' lang='lat' dir='ltr'>quam</span> <span class='ocrx_word' id='word_1_245' title='bbox 731 2008 791 2037; x_wconf 73' lang='lat' dir='ltr'>ego</span> <span class='ocrx_word' id='word_1_246' title='bbox 807 1997 861 2027; x_wconf 81' lang='lat' dir='ltr'>ad·</span> <span class='ocrx_word' id='word_1_247' title='bbox 913 1997 1060 2027; x_wconf 68' lang='lat' dir='ltr'>Iordan&#39;s·</span> <span class='ocrx_word' id='word_1_248' title='bbox 1075 2009 1081 2026; x_wconf 76' lang='grc' dir='ltr'>ι</span> <span class='ocrx_word' id='word_1_249' title='bbox 1107 1996 1181 2026; x_wconf 74' lang='lat' dir='ltr'>“sie</span> <span class='ocrx_word' id='word_1_250' title='bbox 1198 1996 1294 2026; x_wconf 80' lang='lat' dir='ltr'>verba</span> <span class='ocrx_word' id='word_1_251' title='bbox 1313 1996 1512 2026; x_wconf 66' lang='lat' dir='ltr'>collocantur</span> <span class='ocrx_word' id='word_1_252' title='bbox 1526 1996 1558 2026; x_wconf 94' lang='lat' dir='ltr'>in</span> <span class='ocrx_word' id='word_1_253' title='bbox 1573 1996 1632 2035; x_wconf 68' lang='lat' dir='ltr'>Lg.</span> <span class='ocrx_word' id='word_1_254' title='bbox 1655 1999 1689 2027; x_wconf 77' lang='lat'>12</span> 
     </span>
     <span class='ocr_line' id='line_1_29' title="bbox 86 2039 1688 2081; baseline -0.001 -9"><span class='ocrx_word' id='word_1_255' title='bbox 86 2042 182 2078; x_wconf 85' lang='lat' dir='ltr'>veni‚&#39;</span> <span class='ocrx_word' id='word_1_256' title='bbox 208 2042 338 2081; x_wconf 80' lang='lat' dir='ltr'>Zumpt,</span> <span class='ocrx_word' id='word_1_257' title='bbox 364 2042 435 2071; x_wconf 84' lang='lat' dir='ltr'>who</span> <span class='ocrx_word' id='word_1_258' title='bbox 459 2052 623 2081; x_wconf 72' lang='lat' dir='ltr'>eompares</span> <span class='ocrx_word' id='word_1_259' title='bbox 649 2042 777 2081; x_wconf 76' lang='lat' dir='ltr'>‘paneis</span> <span class='ocrx_word' id='word_1_260' title='bbox 802 2041 863 2070; x_wconf 74' lang='lat' dir='ltr'>illis</span> <span class='ocrx_word' id='word_1_261' title='bbox 910 2051 941 2080; x_wconf 80' lang='lat' dir='ltr'>p.</span> <span class='ocrx_word' id='word_1_262' title='bbox 958 2051 1001 2070; x_wconf 95' lang='lat' dir='ltr'>m.</span> <span class='ocrx_word' id='word_1_263' title='bbox 1019 2040 1139 2070; x_wconf 73' lang='lat' dir='ltr'>reetins</span> <span class='ocrx_word' id='word_1_264' title='bbox 1156 2050 1251 2079; x_wconf 77' lang='lat' dir='ltr'>qnam</span> <span class='ocrx_word' id='word_1_265' title='bbox 1270 2039 1367 2077; x_wconf 64' lang='lat' dir='ltr'>vulgo</span> <span class='ocrx_word' id='word_1_266' title='bbox 1385 2044 1391 2055; x_wconf 86' lang='lat'>‘</span> <span class='ocrx_word' id='word_1_267' title='bbox 1406 2039 1491 2079; x_wconf 78' lang='lat' dir='ltr'>qnod</span> <span class='ocrx_word' id='word_1_268' title='bbox 1504 2051 1563 2078; x_wconf 67' lang='lat' dir='ltr'>ego</span> <span class='ocrx_word' id='word_1_269' title='bbox 1575 2041 1658 2070; x_wconf 58' lang='lat' dir='ltr'>nisi!</span> <span class='ocrx_word' id='word_1_270' title='bbox 1670 2041 1688 2053; x_wconf 76' lang='lat'>&#39;&#39;</span> 
     </span>
     <span class='ocr_line' id='line_1_30' title="bbox 87 2082 1688 2123; baseline -0.001 -9"><span class='ocrx_word' id='word_1_271' title='bbox 87 2085 214 2115; x_wconf 80' lang='lat' dir='ltr'>(liebns&#39;</span> <span class='ocrx_word' id='word_1_272' title='bbox 232 2085 264 2114; x_wconf 92' lang='lat' dir='ltr'>in</span> <span class='ocrx_word' id='word_1_273' title='bbox 282 2084 353 2114; x_wconf 86' lang='lat' dir='ltr'>Lib.</span> <span class='ocrx_word' id='word_1_274' title='bbox 371 2086 401 2115; x_wconf 74' lang='lat'>4.</span> <span class='ocrx_word' id='word_1_275' title='bbox 419 2096 445 2115; x_wconf 82' lang='lat' dir='ltr'>e.</span> <span class='ocrx_word' id='word_1_276' title='bbox 464 2086 514 2121; x_wconf 79' lang='lat'>18,</span> <span class='ocrx_word' id='word_1_277' title='bbox 532 2085 596 2114; x_wconf 82' lang='lat' dir='ltr'>and</span> <span class='ocrx_word' id='word_1_278' title='bbox 610 2084 657 2114; x_wconf 84' lang='lat' dir='ltr'>De</span> <span class='ocrx_word' id='word_1_279' title='bbox 675 2086 748 2114; x_wconf 68' lang='lat' dir='ltr'>Sen.</span> <span class='ocrx_word' id='word_1_280' title='bbox 767 2094 793 2114; x_wconf 82' lang='lat' dir='ltr'>e.</span> <span class='ocrx_word' id='word_1_281' title='bbox 812 2085 862 2120; x_wconf 65' lang='lat' dir='ltr'>lt,</span> <span class='ocrx_word' id='word_1_282' title='bbox 912 2084 979 2113; x_wconf 71' lang='lat' dir='ltr'>But.</span> <span class='ocrx_word' id='word_1_283' title='bbox 997 2083 1069 2123; x_wconf 73' lang='lat' dir='ltr'>why</span> <span class='ocrx_word' id='word_1_284' title='bbox 1089 2088 1096 2099; x_wconf 85' lang='lat'><em>‘</em></span> <span class='ocrx_word' id='word_1_285' title='bbox 1108 2083 1228 2113; x_wconf 75' lang='lat' dir='ltr'>reetins</span> <span class='ocrx_word' id='word_1_286' title='bbox 1242 2084 1254 2113; x_wconf 66' lang='grc' dir='ltr'>Ρ</span> <span class='ocrx_word' id='word_1_287' title='bbox 1266 2083 1272 2093; x_wconf 85' lang='grc'>’</span> <span class='ocrx_word' id='word_1_288' title='bbox 1311 2082 1335 2112; x_wconf 78' lang='lat' dir='ltr'>V</span> <span class='ocrx_word' id='word_1_289' title='bbox 1354 2082 1419 2112; x_wconf 71' lang='lat' dir='ltr'>also</span> <span class='ocrx_word' id='word_1_290' title='bbox 1436 2083 1492 2112; x_wconf 72' lang='lat' dir='ltr'>has</span> <span class='ocrx_word' id='word_1_291' title='bbox 1510 2089 1516 2098; x_wconf 80' lang='lat'><strong>¹</strong></span> <span class='ocrx_word' id='word_1_292' title='bbox 1530 2083 1589 2112; x_wconf 67' lang='lat' dir='ltr'>nisi</span> <span class='ocrx_word' id='word_1_293' title='bbox 1606 2084 1688 2122; x_wconf 59' lang='lat' dir='ltr'>ego)</span> 
     </span>
     <span class='ocr_line' id='line_1_31' title="bbox 87 2125 1688 2168; baseline -0.002 -10"><span class='ocrx_word' id='word_1_294' title='bbox 87 2128 174 2168; x_wconf 83' lang='lat' dir='ltr'>“qui</span> <span class='ocrx_word' id='word_1_295' title='bbox 191 2128 240 2158; x_wconf 82' lang='lat' dir='ltr'>his</span> <span class='ocrx_word' id='word_1_296' title='bbox 256 2128 368 2157; x_wconf 77' lang='lat' dir='ltr'>diebus</span> <span class='ocrx_word' id='word_1_297' title='bbox 392 2128 502 2168; x_wconf 78' lang='lat' dir='ltr'>paneis</span> <span class='ocrx_word' id='word_1_298' title='bbox 526 2128 677 2158; x_wconf 82' lang='lat' dir='ltr'>Pontifex</span> <span class='ocrx_word' id='word_1_299' title='bbox 701 2128 864 2157; x_wconf 66' lang='lat' dir='ltr'>Maximus</span> <span class='ocrx_word' id='word_1_300' title='bbox 912 2126 1010 2156; x_wconf 72' lang='lat' dir='ltr'>Klotz</span> <span class='ocrx_word' id='word_1_301' title='bbox 1038 2126 1070 2156; x_wconf 92' lang='lat' dir='ltr'>in</span> <span class='ocrx_word' id='word_1_302' title='bbox 1099 2126 1164 2156; x_wconf 71' lang='lat' dir='ltr'>this</span> <span class='ocrx_word' id='word_1_303' title='bbox 1192 2137 1262 2155; x_wconf 75' lang='lat' dir='ltr'>ease</span> <span class='ocrx_word' id='word_1_304' title='bbox 1287 2125 1344 2156; x_wconf 76' lang='lat' dir='ltr'>has</span> <span class='ocrx_word' id='word_1_305' title='bbox 1370 2133 1376 2142; x_wconf 80' lang='lat'>⁸</span> <span class='ocrx_word' id='word_1_306' title='bbox 1391 2126 1486 2162; x_wconf 82' lang='lat' dir='ltr'>Quod</span> <span class='ocrx_word' id='word_1_307' title='bbox 1511 2126 1571 2155; x_wconf 73' lang='lat' dir='ltr'>nisi</span> <span class='ocrx_word' id='word_1_308' title='bbox 1595 2137 1654 2165; x_wconf 65' lang='lat' dir='ltr'>ego</span> <span class='ocrx_word' id='word_1_309' title='bbox 1669 2127 1688 2162; x_wconf 85' lang='lat'>;¹</span> 
     </span>
     <span class='ocr_line' id='line_1_32' title="bbox 85 2169 1688 2208; baseline -0.002 -6"><span class='ocrx_word' id='word_1_310' title='bbox 85 2172 193 2202; x_wconf 80' lang='lat' dir='ltr'>faetus</span> <span class='ocrx_word' id='word_1_311' title='bbox 218 2171 300 2201; x_wconf 84' lang='lat' dir='ltr'>cst.’&#39;</span> <span class='ocrx_word' id='word_1_312' title='bbox 348 2172 406 2201; x_wconf 68' lang='lat' dir='ltr'>See</span> <span class='ocrx_word' id='word_1_313' title='bbox 424 2171 495 2201; x_wconf 80' lang='lat' dir='ltr'>Lib.</span> <span class='ocrx_word' id='word_1_314' title='bbox 513 2172 543 2201; x_wconf 76' lang='lat'>2.</span> <span class='ocrx_word' id='word_1_315' title='bbox 561 2182 587 2201; x_wconf 86' lang='lat' dir='ltr'>e.</span> <span class='ocrx_word' id='word_1_316' title='bbox 605 2172 656 2205; x_wconf 79' lang='lat' dir='ltr'>-1l‚</span> <span class='ocrx_word' id='word_1_317' title='bbox 674 2173 750 2201; x_wconf 83' lang='lat' dir='ltr'>note</span> <span class='ocrx_word' id='word_1_318' title='bbox 766 2183 772 2205; x_wconf 92' lang='lat'>;</span> <span class='ocrx_word' id='word_1_319' title='bbox 797 2170 861 2200; x_wconf 82' lang='lat' dir='ltr'>and</span> <span class='ocrx_word' id='word_1_320' title='bbox 907 2170 967 2199; x_wconf 80' lang='lat' dir='ltr'>bnt</span> <span class='ocrx_word' id='word_1_321' title='bbox 984 2169 1024 2199; x_wconf 89' lang='lat' dir='ltr'>he</span> <span class='ocrx_word' id='word_1_322' title='bbox 1040 2169 1097 2199; x_wconf 74' lang='lat' dir='ltr'>has</span> <span class='ocrx_word' id='word_1_323' title='bbox 1126 2169 1212 2207; x_wconf 69' lang='lat' dir='ltr'>(Lib.</span> <span class='ocrx_word' id='word_1_324' title='bbox 1241 2170 1269 2199; x_wconf 91' lang='lat'>1.</span> <span class='ocrx_word' id='word_1_325' title='bbox 1298 2179 1324 2199; x_wconf 87' lang='lat' dir='ltr'>e.</span> <span class='ocrx_word' id='word_1_326' title='bbox 1348 2169 1404 2207; x_wconf 77' lang='lat'><em>(31)</em></span> <span class='ocrx_word' id='word_1_327' title='bbox 1423 2173 1431 2185; x_wconf 87' lang='lat'>‘</span> <span class='ocrx_word' id='word_1_328' title='bbox 1445 2169 1496 2198; x_wconf 89' lang='lat' dir='ltr'>eni</span> <span class='ocrx_word' id='word_1_329' title='bbox 1521 2180 1580 2208; x_wconf 68' lang='lat' dir='ltr'>ego</span> <span class='ocrx_word' id='word_1_330' title='bbox 1605 2170 1688 2205; x_wconf 62' lang='lat' dir='ltr'>nisi:</span> 
     </span>
     <span class='ocr_line' id='line_1_33' title="bbox 86 2212 1687 2254; baseline -0.001 -9"><span class='ocrx_word' id='word_1_331' title='bbox 86 2214 198 2245; x_wconf 80' lang='lat' dir='ltr'>‘brevi</span> <span class='ocrx_word' id='word_1_332' title='bbox 214 2214 268 2245; x_wconf 85' lang='lat' dir='ltr'>illo</span> <span class='ocrx_word' id='word_1_333' title='bbox 284 2214 452 2254; x_wconf 76' lang='lat' dir='ltr'>temp‹›re‚’</span> <span class='ocrx_word' id='word_1_334' title='bbox 471 2214 534 2243; x_wconf 83' lang='lat' dir='ltr'>Pro</span> <span class='ocrx_word' id='word_1_335' title='bbox 550 2214 596 2244; x_wconf 88' lang='lat' dir='ltr'>M.</span> <span class='ocrx_word' id='word_1_336' title='bbox 613 2214 728 2249; x_wconf 80' lang='lat' dir='ltr'>Tullio,</span> <span class='ocrx_word' id='word_1_337' title='bbox 749 2214 764 2252; x_wconf 65' lang='grc' dir='ltr'>ξ</span> <span class='ocrx_word' id='word_1_338' title='bbox 785 2215 835 2243; x_wconf 70' lang='grc'>19.</span> <span class='ocrx_word' id='word_1_339' title='bbox 911 2213 1017 2242; x_wconf 93' lang='lat' dir='ltr'>where</span> <span class='ocrx_word' id='word_1_340' title='bbox 1035 2212 1134 2242; x_wconf 83' lang='lat' dir='ltr'>Orelli</span> <span class='ocrx_word' id='word_1_341' title='bbox 1152 2212 1209 2242; x_wconf 72' lang='lat' dir='ltr'>has</span> <span class='ocrx_word' id='word_1_342' title='bbox 1235 2217 1242 2228; x_wconf 89' lang='lat'>‘</span> <span class='ocrx_word' id='word_1_343' title='bbox 1256 2212 1307 2242; x_wconf 85' lang='lat' dir='ltr'>eui</span> <span class='ocrx_word' id='word_1_344' title='bbox 1333 2212 1394 2242; x_wconf 75' lang='lat' dir='ltr'>nisi</span> <span class='ocrx_word' id='word_1_345' title='bbox 1421 2212 1503 2251; x_wconf 51' lang='lat' dir='ltr'>ego?</span> <span class='ocrx_word' id='word_1_346' title='bbox 1551 2213 1599 2253; x_wconf 67' lang='lat'>135</span> <span class='ocrx_word' id='word_1_347' title='bbox 1618 2224 1687 2254; x_wconf 72' lang='lat' dir='ltr'>way</span> 
     </span>
    </p>

    <p class='ocr_par' dir='ltr' id='par_1_5' title="bbox 87 2255 1688 2337">
     <span class='ocr_line' id='line_1_34' title="bbox 130 2255 1688 2297; baseline 0 -10"><span class='ocrx_word' id='word_1_348' title='bbox 130 2268 151 2287; x_wconf 82' lang='lat' dir='ltr'>a</span> <span class='ocrx_word' id='word_1_349' title='bbox 168 2258 274 2287; x_wconf 69' lang='lat' dir='ltr'>literis</span> <span class='ocrx_word' id='word_1_350' title='bbox 287 2271 295 2287; x_wconf 92' lang='lat'>.·</span> <span class='ocrx_word' id='word_1_351' title='bbox 321 2281 328 2288; x_wconf 89' lang='lat'>.</span> <span class='ocrx_word' id='word_1_352' title='bbox 355 2281 362 2288; x_wconf 92' lang='lat'>.</span> <span class='ocrx_word' id='word_1_353' title='bbox 379 2256 572 2297; x_wconf 68' lang='lat' dir='ltr'>tabellario]</span> <span class='ocrx_word' id='word_1_354' title='bbox 620 2258 648 2286; x_wconf 83' lang='lat' dir='ltr'>A</span> <span class='ocrx_word' id='word_1_355' title='bbox 665 2256 862 2296; x_wconf 69' lang='lat' dir='ltr'>frigitljoke.</span> <span class='ocrx_word' id='word_1_356' title='bbox 909 2255 1199 2295; x_wconf 73' lang='lat' dir='ltr'>os‹·on=1wnsati‹ni</span> <span class='ocrx_word' id='word_1_357' title='bbox 1223 2255 1323 2286; x_wconf 88' lang='lat' dir='ltr'>Orelli</span> <span class='ocrx_word' id='word_1_358' title='bbox 1349 2255 1406 2285; x_wconf 74' lang='lat' dir='ltr'>has·</span> <span class='ocrx_word' id='word_1_359' title='bbox 1423 2255 1456 2285; x_wconf 89' lang='lat' dir='ltr'>in</span> <span class='ocrx_word' id='word_1_360' title='bbox 1473 2255 1539 2286; x_wconf 77' lang='lat' dir='ltr'>this</span> <span class='ocrx_word' id='word_1_361' title='bbox 1555 2266 1688 2297; x_wconf 72' lang='lat' dir='ltr'>passage</span> 
     </span>
     <span class='ocr_line' id='line_1_35' title="bbox 87 2299 1198 2337; baseline -0.003 -6"><span class='ocrx_word' id='word_1_362' title='bbox 87 2304 97 2318; x_wconf 94' lang='lat'>‘</span> <span class='ocrx_word' id='word_1_363' title='bbox 108 2301 239 2331; x_wconf 77' lang='lat' dir='ltr'>Literac</span> <span class='ocrx_word' id='word_1_364' title='bbox 250 2301 258 2313; x_wconf 93' lang='lat'>’</span> <span class='ocrx_word' id='word_1_365' title='bbox 283 2301 308 2330; x_wconf 83' lang='lat' dir='ltr'>is</span> <span class='ocrx_word' id='word_1_366' title='bbox 332 2301 410 2331; x_wconf 69' lang='lat' dir='ltr'>used</span> <span class='ocrx_word' id='word_1_367' title='bbox 433 2301 483 2330; x_wconf 85' lang='lat' dir='ltr'>for</span> <span class='ocrx_word' id='word_1_368' title='bbox 507 2300 640 2330; x_wconf 77' lang='lat' dir='ltr'>‘letters</span> <span class='ocrx_word' id='word_1_369' title='bbox 652 2300 660 2312; x_wconf 93' lang='lat'><em>&#39;</em></span> <span class='ocrx_word' id='word_1_370' title='bbox 677 2310 713 2329; x_wconf 84' lang='grc' dir='ltr'>οι·</span> <span class='ocrx_word' id='word_1_371' title='bbox 735 2306 742 2316; x_wconf 78' lang='grc'><em>·</em></span> <span class='ocrx_word' id='word_1_372' title='bbox 754 2300 863 2329; x_wconf 74' lang='lat' dir='ltr'>litera-</span> <span class='ocrx_word' id='word_1_373' title='bbox 910 2303 917 2315; x_wconf 89' lang='lat'>‘</span> <span class='ocrx_word' id='word_1_374' title='bbox 930 2299 1023 2335; x_wconf 77' lang='lat' dir='ltr'>Quod</span> <span class='ocrx_word' id='word_1_375' title='bbox 1040 2310 1100 2337; x_wconf 65' lang='lat' dir='ltr'>ego</span> <span class='ocrx_word' id='word_1_376' title='bbox 1116 2299 1198 2328; x_wconf 63' lang='lat' dir='ltr'>nisi.l</span> 
     </span>
    </p>
   </div>
   <div class='ocr_carea' id='block_1_4' title="bbox 85 2342 864 2900">
    <p class='ocr_par' dir='ltr' id='par_1_6' title="bbox 85 2342 863 2426">
     <span class='ocr_line' id='line_1_36' title="bbox 85 2342 863 2379; baseline -0.003 -5"><span class='ocrx_word' id='word_1_377' title='bbox 85 2346 161 2374; x_wconf 78' lang='lat' dir='ltr'>turc</span> <span class='ocrx_word' id='word_1_378' title='bbox 174 2344 194 2379; x_wconf 81' lang='lat'>3&#39;</span> <span class='ocrx_word' id='word_1_379' title='bbox 218 2344 282 2374; x_wconf 85' lang='lat' dir='ltr'>and</span> <span class='ocrx_word' id='word_1_380' title='bbox 298 2354 318 2374; x_wconf 86' lang='lat' dir='ltr'>a</span> <span class='ocrx_word' id='word_1_381' title='bbox 334 2348 342 2360; x_wconf 91' lang='lat'>‘</span> <span class='ocrx_word' id='word_1_382' title='bbox 353 2343 559 2374; x_wconf 76' lang='lat' dir='ltr'>tabellarins’</span> <span class='ocrx_word' id='word_1_383' title='bbox 576 2343 694 2373; x_wconf 76' lang='lat' dir='ltr'>carries</span> <span class='ocrx_word' id='word_1_384' title='bbox 711 2343 844 2372; x_wconf 84' lang='lat' dir='ltr'>‘literae</span> <span class='ocrx_word' id='word_1_385' title='bbox 856 2342 863 2354; x_wconf 91' lang='lat'><em>&#39;</em></span> 
     </span>
     <span class='ocr_line' id='line_1_37' title="bbox 85 2387 278 2426; baseline -0.005 -9"><span class='ocrx_word' id='word_1_386' title='bbox 85 2397 122 2417; x_wconf 91' lang='lat' dir='ltr'>or</span> <span class='ocrx_word' id='word_1_387' title='bbox 139 2387 278 2426; x_wconf 69' lang='lat' dir='ltr'>epistles.</span> 
     </span>
    </p>

    <p class='ocr_par' dir='ltr' id='par_1_7' title="bbox 85 2427 864 2900">
     <span class='ocr_line' id='line_1_38' title="bbox 135 2427 864 2468; baseline -0.001 -9"><span class='ocrx_word' id='word_1_388' title='bbox 135 2430 228 2468; x_wconf 72' lang='lat' dir='ltr'>Quod</span> <span class='ocrx_word' id='word_1_389' title='bbox 243 2440 299 2468; x_wconf 63' lang='lat'><strong><em>(¹510</em></strong></span> <span class='ocrx_word' id='word_1_390' title='bbox 311 2429 374 2459; x_wconf 65' lang='lat' dir='ltr'>visi</span> <span class='ocrx_word' id='word_1_391' title='bbox 392 2452 398 2458; x_wconf 92' lang='lat'>.</span> <span class='ocrx_word' id='word_1_392' title='bbox 417 2452 423 2458; x_wconf 92' lang='lat'>.</span> <span class='ocrx_word' id='word_1_393' title='bbox 442 2429 532 2459; x_wconf 66' lang='lat' dir='ltr'>illius</span> <span class='ocrx_word' id='word_1_394' title='bbox 544 2427 696 2468; x_wconf 69' lang='lat' dir='ltr'>conatus]</span> <span class='ocrx_word' id='word_1_395' title='bbox 731 2431 739 2444; x_wconf 90' lang='lat'>‘</span> <span class='ocrx_word' id='word_1_396' title='bbox 751 2428 844 2465; x_wconf 76' lang='lat' dir='ltr'>Quod</span> <span class='ocrx_word' id='word_1_397' title='bbox 856 2428 864 2441; x_wconf 89' lang='lat'><em>&#39;</em></span> 
     </span>
     <span class='ocr_line' id='line_1_39' title="bbox 85 2472 864 2513; baseline -0.003 -11"><span class='ocrx_word' id='word_1_398' title='bbox 85 2483 144 2513; x_wconf 82' lang='lat' dir='ltr'>pro</span> <span class='ocrx_word' id='word_1_399' title='bbox 162 2476 169 2489; x_wconf 83' lang='lat'>‘</span> <span class='ocrx_word' id='word_1_400' title='bbox 181 2472 258 2507; x_wconf 79' lang='lat' dir='ltr'>se(l‚&#39;</span> <span class='ocrx_word' id='word_1_401' title='bbox 275 2483 347 2512; x_wconf 62' lang='lat' dir='ltr'>says</span> <span class='ocrx_word' id='word_1_402' title='bbox 362 2472 530 2501; x_wconf 67' lang='lat' dir='ltr'>Manutius</span> <span class='ocrx_word' id='word_1_403' title='bbox 543 2484 549 2507; x_wconf 87' lang='lat'>;</span> <span class='ocrx_word' id='word_1_404' title='bbox 574 2472 637 2501; x_wconf 81' lang='lat' dir='ltr'>and</span> <span class='ocrx_word' id='word_1_405' title='bbox 649 2472 688 2501; x_wconf 85' lang='lat' dir='ltr'>he</span> <span class='ocrx_word' id='word_1_406' title='bbox 701 2481 864 2511; x_wconf 71' lang='lat' dir='ltr'>compares</span> 
     </span>
     <span class='ocr_line' id='line_1_40' title="bbox 85 2515 864 2551; baseline -0.004 -5"><span class='ocrx_word' id='word_1_407' title='bbox 85 2517 161 2546; x_wconf 48' lang='lat' dir='ltr'>Act..</span> <span class='ocrx_word' id='word_1_408' title='bbox 185 2515 205 2545; x_wconf 89' lang='lat' dir='ltr'>i.</span> <span class='ocrx_word' id='word_1_409' title='bbox 231 2515 302 2545; x_wconf 84' lang='lat' dir='ltr'>Lib.</span> <span class='ocrx_word' id='word_1_410' title='bbox 329 2516 357 2545; x_wconf 90' lang='lat'>1.</span> <span class='ocrx_word' id='word_1_411' title='bbox 381 2525 408 2544; x_wconf 88' lang='grc'>(·.</span> <span class='ocrx_word' id='word_1_412' title='bbox 433 2515 484 2549; x_wconf 78' lang='lat' dir='ltr'>-l·(.3,</span> <span class='ocrx_word' id='word_1_413' title='bbox 510 2518 517 2531; x_wconf 86' lang='lat'>‘</span> <span class='ocrx_word' id='word_1_414' title='bbox 532 2515 626 2551; x_wconf 79' lang='lat' dir='ltr'>Quod</span> <span class='ocrx_word' id='word_1_415' title='bbox 661 2525 715 2544; x_wconf 75' lang='lat' dir='ltr'>vos</span> <span class='ocrx_word' id='word_1_416' title='bbox 747 2515 864 2544; x_wconf 75' lang='lat' dir='ltr'>oblitos</span> 
     </span>
     <span class='ocr_line' id='line_1_41' title="bbox 86 2557 863 2594; baseline -0.001 -6"><span class='ocrx_word' id='word_1_417' title='bbox 86 2559 175 2594; x_wconf 52' lang='lat' dir='ltr'>esse)</span> <span class='ocrx_word' id='word_1_418' title='bbox 193 2558 247 2588; x_wconf 55' lang='lat' dir='ltr'>&amp;a</span> <span class='ocrx_word' id='word_1_419' title='bbox 296 2558 362 2587; x_wconf 75' lang='lat' dir='ltr'>But</span> <span class='ocrx_word' id='word_1_420' title='bbox 378 2557 418 2587; x_wconf 83' lang='lat' dir='ltr'>he</span> <span class='ocrx_word' id='word_1_421' title='bbox 435 2557 460 2586; x_wconf 75' lang='lat' dir='ltr'>is</span> <span class='ocrx_word' id='word_1_422' title='bbox 477 2557 648 2587; x_wconf 71' lang='lat' dir='ltr'>misiaken.</span> <span class='ocrx_word' id='word_1_423' title='bbox 688 2561 695 2573; x_wconf 89' lang='lat'>‘</span> <span class='ocrx_word' id='word_1_424' title='bbox 707 2557 800 2594; x_wconf 81' lang='lat' dir='ltr'>Quod</span> <span class='ocrx_word' id='word_1_425' title='bbox 812 2557 820 2569; x_wconf 89' lang='lat'><em>&#39;</em></span> <span class='ocrx_word' id='word_1_426' title='bbox 838 2558 863 2587; x_wconf 74' lang='lat' dir='ltr'>is</span> 
     </span>
     <span class='ocr_line' id='line_1_42' title="bbox 86 2600 863 2640; baseline -0.001 -9"><span class='ocrx_word' id='word_1_427' title='bbox 86 2602 144 2632; x_wconf 84' lang='lat' dir='ltr'>the</span> <span class='ocrx_word' id='word_1_428' title='bbox 161 2601 307 2636; x_wconf 82' lang='lat' dir='ltr'>relative,</span> <span class='ocrx_word' id='word_1_429' title='bbox 324 2600 387 2630; x_wconf 78' lang='lat' dir='ltr'>and</span> <span class='ocrx_word' id='word_1_430' title='bbox 405 2601 431 2630; x_wconf 88' lang='lat' dir='ltr'>it</span> <span class='ocrx_word' id='word_1_431' title='bbox 448 2600 564 2630; x_wconf 72' lang='lat' dir='ltr'>relates</span> <span class='ocrx_word' id='word_1_432' title='bbox 576 2603 610 2630; x_wconf 79' lang='lat' dir='ltr'>to</span> <span class='ocrx_word' id='word_1_433' title='bbox 622 2600 677 2630; x_wconf 78' lang='lat' dir='ltr'>the</span> <span class='ocrx_word' id='word_1_434' title='bbox 688 2601 863 2640; x_wconf 72' lang='lat' dir='ltr'>preceding</span> 
     </span>
     <span class='ocr_line' id='line_1_43' title="bbox 86 2643 861 2683; baseline -0.003 -9"><span class='ocrx_word' id='word_1_435' title='bbox 86 2647 248 2679; x_wconf 74' lang='lat' dir='ltr'>sentence,</span> <span class='ocrx_word' id='word_1_436' title='bbox 273 2643 336 2673; x_wconf 79' lang='lat' dir='ltr'>and</span> <span class='ocrx_word' id='word_1_437' title='bbox 362 2643 465 2673; x_wconf 73' lang='lat' dir='ltr'>‘illins</span> <span class='ocrx_word' id='word_1_438' title='bbox 482 2643 635 2673; x_wconf 73' lang='lat' dir='ltr'>eonatns&#39;</span> <span class='ocrx_word' id='word_1_439' title='bbox 654 2644 678 2672; x_wconf 71' lang='lat' dir='ltr'>is·</span> <span class='ocrx_word' id='word_1_440' title='bbox 703 2643 744 2674; x_wconf 69' lang='lat' dir='ltr'>its</span> <span class='ocrx_word' id='word_1_441' title='bbox 767 2655 861 2683; x_wconf 79' lang='lat' dir='ltr'>expo-</span> 
     </span>
     <span class='ocr_line' id='line_1_44' title="bbox 87 2686 861 2726; baseline -0.003 -8"><span class='ocrx_word' id='word_1_442' title='bbox 87 2690 177 2722; x_wconf 77' lang='lat' dir='ltr'>nent,</span> <span class='ocrx_word' id='word_1_443' title='bbox 189 2697 224 2716; x_wconf 88' lang='lat' dir='ltr'>or</span> <span class='ocrx_word' id='word_1_444' title='bbox 235 2687 427 2726; x_wconf 36' lang='lat' dir='ltr'>epexegesis</span> <span class='ocrx_word' id='word_1_445' title='bbox 440 2697 476 2715; x_wconf 85' lang='lat' dir='ltr'>or</span> <span class='ocrx_word' id='word_1_446' title='bbox 487 2686 651 2716; x_wconf 73' lang='lat' dir='ltr'>whatever</span> <span class='ocrx_word' id='word_1_447' title='bbox 663 2687 757 2717; x_wconf 76' lang='lat' dir='ltr'>other</span> <span class='ocrx_word' id='word_1_448' title='bbox 768 2697 861 2717; x_wconf 83' lang='lat' dir='ltr'>name</span> 
     </span>
     <span class='ocr_line' id='line_1_45' title="bbox 85 2729 860 2770; baseline 0.001 -10"><span class='ocrx_word' id='word_1_449' title='bbox 85 2741 160 2770; x_wconf 70' lang='lat' dir='ltr'>may</span> <span class='ocrx_word' id='word_1_450' title='bbox 178 2730 216 2759; x_wconf 80' lang='lat' dir='ltr'>be</span> <span class='ocrx_word' id='word_1_451' title='bbox 233 2729 320 2759; x_wconf 79' lang='lat' dir='ltr'>used.</span> <span class='ocrx_word' id='word_1_452' title='bbox 366 2729 434 2759; x_wconf 72' lang='lat' dir='ltr'>&#39;l‘ho</span> <span class='ocrx_word' id='word_1_453' title='bbox 451 2735 458 2745; x_wconf 86' lang='grc'><em>“</em></span> <span class='ocrx_word' id='word_1_454' title='bbox 470 2729 583 2759; x_wconf 78' lang='lat' dir='ltr'>literae</span> <span class='ocrx_word' id='word_1_455' title='bbox 595 2729 603 2741; x_wconf 85' lang='lat'><em>&#39;</em></span> <span class='ocrx_word' id='word_1_456' title='bbox 614 2730 650 2759; x_wconf 83' lang='lat' dir='ltr'>of</span> <span class='ocrx_word' id='word_1_457' title='bbox 662 2729 794 2760; x_wconf 76' lang='lat' dir='ltr'>Glabrio</span> <span class='ocrx_word' id='word_1_458' title='bbox 806 2741 860 2761; x_wconf 83' lang='lat' dir='ltr'>are</span> 
     </span>
     <span class='ocr_line' id='line_1_46' title="bbox 85 2772 860 2812; baseline 0 -9"><span class='ocrx_word' id='word_1_459' title='bbox 85 2775 143 2804; x_wconf 81' lang='lat' dir='ltr'>the</span> <span class='ocrx_word' id='word_1_460' title='bbox 160 2773 293 2803; x_wconf 77' lang='lat' dir='ltr'>written</span> <span class='ocrx_word' id='word_1_461' title='bbox 309 2772 477 2812; x_wconf 73' lang='lat' dir='ltr'>authority</span> <span class='ocrx_word' id='word_1_462' title='bbox 491 2773 572 2802; x_wconf 82' lang='lat' dir='ltr'>from</span> <span class='ocrx_word' id='word_1_463' title='bbox 586 2772 653 2802; x_wconf 91' lang='lat' dir='ltr'>him</span> <span class='ocrx_word' id='word_1_464' title='bbox 666 2774 700 2803; x_wconf 81' lang='lat' dir='ltr'>to</span> <span class='ocrx_word' id='word_1_465' title='bbox 713 2783 860 2803; x_wconf 76' lang='lat' dir='ltr'>sammon</span> 
     </span>
     <span class='ocr_line' id='line_1_47' title="bbox 86 2815 860 2855; baseline 0 -9"><span class='ocrx_word' id='word_1_466' title='bbox 86 2817 252 2847; x_wconf 74' lang='lat' dir='ltr'>witnesses</span> <span class='ocrx_word' id='word_1_467' title='bbox 269 2815 333 2846; x_wconf 82' lang='lat' dir='ltr'>and</span> <span class='ocrx_word' id='word_1_468' title='bbox 349 2826 383 2845; x_wconf 83' lang='lat' dir='ltr'>so</span> <span class='ocrx_word' id='word_1_469' title='bbox 399 2815 498 2845; x_wconf 81' lang='lat' dir='ltr'>forth.</span> <span class='ocrx_word' id='word_1_470' title='bbox 531 2815 650 2855; x_wconf 78' lang='lat' dir='ltr'>Zumpt</span> <span class='ocrx_word' id='word_1_471' title='bbox 660 2815 807 2846; x_wconf 79' lang='lat' dir='ltr'>observes</span> <span class='ocrx_word' id='word_1_472' title='bbox 819 2827 860 2847; x_wconf 90' lang='lat' dir='ltr'>on</span> 
     </span>
     <span class='ocr_line' id='line_1_48' title="bbox 87 2858 861 2900; baseline 0 -10"><span class='ocrx_word' id='word_1_473' title='bbox 87 2863 96 2876; x_wconf 91' lang='lat'>‘</span> <span class='ocrx_word' id='word_1_474' title='bbox 107 2859 202 2897; x_wconf 73' lang='lat' dir='ltr'>Quod</span> <span class='ocrx_word' id='word_1_475' title='bbox 217 2859 277 2890; x_wconf 82' lang='lat' dir='ltr'>nisi</span> <span class='ocrx_word' id='word_1_476' title='bbox 293 2858 376 2899; x_wconf 79' lang='lat' dir='ltr'>eg0,’</span> <span class='ocrx_word' id='word_1_477' title='bbox 402 2858 508 2889; x_wconf 82' lang='lat' dir='ltr'>which</span> <span class='ocrx_word' id='word_1_478' title='bbox 525 2858 550 2889; x_wconf 81' lang='lat' dir='ltr'>is</span> <span class='ocrx_word' id='word_1_479' title='bbox 566 2858 616 2889; x_wconf 80' lang='lat' dir='ltr'>his</span> <span class='ocrx_word' id='word_1_480' title='bbox 638 2859 774 2900; x_wconf 83' lang='lat' dir='ltr'>reading</span> <span class='ocrx_word' id='word_1_481' title='bbox 797 2859 861 2891; x_wconf 78' lang='lat' dir='ltr'>and</span> 
     </span>
    </p>
   </div>
   <div class='ocr_carea' id='block_1_5' title="bbox 900 2341 1690 2902">
    <p class='ocr_par' dir='ltr' id='par_1_8' title="bbox 900 2341 1689 2813">
     <span class='ocr_line' id='line_1_49' title="bbox 953 2341 1688 2382; baseline 0.001 -11"><span class='ocrx_word' id='word_1_482' title='bbox 953 2343 1004 2373; x_wconf 80' lang='lat'>27.</span> <span class='ocrx_word' id='word_1_483' title='bbox 1028 2342 1182 2372; x_wconf 75' lang='lat' dir='ltr'>eonslilui</span> <span class='ocrx_word' id='word_1_484' title='bbox 1208 2341 1294 2382; x_wconf 78' lang='lat' dir='ltr'>eum]</span> <span class='ocrx_word' id='word_1_485' title='bbox 1343 2342 1460 2381; x_wconf 81' lang='lat' dir='ltr'>Zumpt</span> <span class='ocrx_word' id='word_1_486' title='bbox 1489 2342 1546 2372; x_wconf 76' lang='lat' dir='ltr'>has</span> <span class='ocrx_word' id='word_1_487' title='bbox 1574 2343 1688 2372; x_wconf 79' lang='lat' dir='ltr'>‘tum’</span> 
     </span>
     <span class='ocr_line' id='line_1_50' title="bbox 909 2385 1687 2425; baseline 0.001 -11"><span class='ocrx_word' id='word_1_488' title='bbox 909 2385 990 2414; x_wconf 80' lang='lat' dir='ltr'>from</span> <span class='ocrx_word' id='word_1_489' title='bbox 1013 2385 1070 2424; x_wconf 55' lang='lat' dir='ltr'>lag.</span> <span class='ocrx_word' id='word_1_490' title='bbox 1088 2387 1128 2415; x_wconf 65' lang='lat'>42</span> <span class='ocrx_word' id='word_1_491' title='bbox 1145 2396 1175 2425; x_wconf 77' lang='lat' dir='ltr'>p.</span> <span class='ocrx_word' id='word_1_492' title='bbox 1193 2396 1235 2415; x_wconf 91' lang='lat' dir='ltr'>m.</span> <span class='ocrx_word' id='word_1_493' title='bbox 1270 2385 1354 2415; x_wconf 80' lang='lat' dir='ltr'>Both</span> <span class='ocrx_word' id='word_1_494' title='bbox 1372 2385 1548 2415; x_wconf 72' lang='lat' dir='ltr'>ihedatire</span> <span class='ocrx_word' id='word_1_495' title='bbox 1560 2386 1584 2415; x_wconf 75' lang='lat' dir='ltr'>is</span> <span class='ocrx_word' id='word_1_496' title='bbox 1598 2386 1687 2421; x_wconf 69' lang='lat' dir='ltr'>used,</span> 
     </span>
     <span class='ocr_line' id='line_1_51' title="bbox 910 2428 1688 2459; baseline 0.001 -1"><span class='ocrx_word' id='word_1_497' title='bbox 910 2428 973 2458; x_wconf 80' lang='lat' dir='ltr'>and</span> <span class='ocrx_word' id='word_1_498' title='bbox 1002 2428 1058 2458; x_wconf 70' lang='lat' dir='ltr'>the</span> <span class='ocrx_word' id='word_1_499' title='bbox 1086 2429 1226 2459; x_wconf 74' lang='lat' dir='ltr'>nblative</span> <span class='ocrx_word' id='word_1_500' title='bbox 1254 2428 1334 2458; x_wconf 80' lang='lat' dir='ltr'>with</span> <span class='ocrx_word' id='word_1_501' title='bbox 1361 2429 1478 2458; x_wconf 85' lang='lat' dir='ltr'>‘e1nn.’</span> <span class='ocrx_word' id='word_1_502' title='bbox 1526 2429 1541 2459; x_wconf 89' lang='lat'>1</span> <span class='ocrx_word' id='word_1_503' title='bbox 1566 2429 1607 2458; x_wconf 87' lang='lat' dir='ltr'>‹lo</span> <span class='ocrx_word' id='word_1_504' title='bbox 1631 2433 1688 2459; x_wconf 84' lang='lat' dir='ltr'>not</span> 
     </span>
     <span class='ocr_line' id='line_1_52' title="bbox 910 2471 1689 2511; baseline 0.001 -10"><span class='ocrx_word' id='word_1_505' title='bbox 910 2471 1005 2501; x_wconf 72' lang='lat' dir='ltr'>think</span> <span class='ocrx_word' id='word_1_506' title='bbox 1031 2472 1105 2502; x_wconf 81' lang='lat' dir='ltr'>that</span> <span class='ocrx_word' id='word_1_507' title='bbox 1122 2472 1178 2502; x_wconf 72' lang='lat' dir='ltr'>the</span> <span class='ocrx_word' id='word_1_508' title='bbox 1195 2472 1355 2511; x_wconf 72' lang='lat' dir='ltr'>examples</span> <span class='ocrx_word' id='word_1_509' title='bbox 1373 2472 1410 2501; x_wconf 79' lang='lat' dir='ltr'>os</span> <span class='ocrx_word' id='word_1_510' title='bbox 1423 2472 1478 2502; x_wconf 77' lang='lat' dir='ltr'>the</span> <span class='ocrx_word' id='word_1_511' title='bbox 1495 2483 1550 2501; x_wconf 68' lang='lat' dir='ltr'>use</span> <span class='ocrx_word' id='word_1_512' title='bbox 1566 2473 1603 2501; x_wconf 78' lang='lat' dir='ltr'>of</span> <span class='ocrx_word' id='word_1_513' title='bbox 1622 2473 1689 2502; x_wconf 75' lang='lat' dir='ltr'>this</span> 
     </span>
     <span class='ocr_line' id='line_1_53' title="bbox 909 2514 1686 2555; baseline 0.003 -12"><span class='ocrx_word' id='word_1_514' title='bbox 909 2515 997 2544; x_wconf 84' lang='lat' dir='ltr'>word</span> <span class='ocrx_word' id='word_1_515' title='bbox 1007 2515 1125 2555; x_wconf 62' lang='lat' dir='ltr'>justify</span> <span class='ocrx_word' id='word_1_516' title='bbox 1145 2515 1291 2555; x_wconf 71' lang='lat' dir='ltr'>anpt&#39;s</span> <span class='ocrx_word' id='word_1_517' title='bbox 1303 2514 1430 2545; x_wconf 81' lang='lat' dir='ltr'>remark</span> <span class='ocrx_word' id='word_1_518' title='bbox 1445 2527 1450 2544; x_wconf 93' lang='lat'><strong>:</strong></span> <span class='ocrx_word' id='word_1_519' title='bbox 1470 2521 1488 2531; x_wconf 74' lang='lat'>¹·</span> <span class='ocrx_word' id='word_1_520' title='bbox 1502 2526 1606 2555; x_wconf 76' lang='lat' dir='ltr'>neque</span> <span class='ocrx_word' id='word_1_521' title='bbox 1618 2527 1686 2545; x_wconf 76' lang='lat' dir='ltr'>eum</span> 
     </span>
     <span class='ocr_line' id='line_1_54' title="bbox 908 2558 1688 2598; baseline 0.003 -12"><span class='ocrx_word' id='word_1_522' title='bbox 908 2558 1019 2597; x_wconf 76' lang='lat' dir='ltr'>aliquo</span> <span class='ocrx_word' id='word_1_523' title='bbox 1044 2558 1217 2593; x_wconf 73' lang='lat' dir='ltr'>constituo,</span> <span class='ocrx_word' id='word_1_524' title='bbox 1242 2558 1370 2598; x_wconf 76' lang='lat' dir='ltr'>qnando</span> <span class='ocrx_word' id='word_1_525' title='bbox 1394 2558 1472 2597; x_wconf 77' lang='lat' dir='ltr'>qnid</span> <span class='ocrx_word' id='word_1_526' title='bbox 1503 2558 1556 2588; x_wconf 84' lang='lat' dir='ltr'>ille</span> <span class='ocrx_word' id='word_1_527' title='bbox 1583 2559 1688 2588; x_wconf 76' lang='lat' dir='ltr'>faeere</span> 
     </span>
     <span class='ocr_line' id='line_1_55' title="bbox 907 2601 1687 2641; baseline 0 -10"><span class='ocrx_word' id='word_1_528' title='bbox 907 2601 1033 2636; x_wconf 72' lang='lat' dir='ltr'>dela-at,</span> <span class='ocrx_word' id='word_1_529' title='bbox 1052 2602 1152 2631; x_wconf 67' lang='lat' dir='ltr'>alicui</span> <span class='ocrx_word' id='word_1_530' title='bbox 1170 2601 1330 2641; x_wconf 47' lang='lat' dir='ltr'>potinsss&#39;*</span> <span class='ocrx_word' id='word_1_531' title='bbox 1343 2608 1364 2621; x_wconf 30' lang='lat' dir='ltr'>e·</span> <span class='ocrx_word' id='word_1_532' title='bbox 1377 2604 1505 2640; x_wconf 59' lang='lat' dir='ltr'>praesto</span> <span class='ocrx_word' id='word_1_533' title='bbox 1518 2601 1667 2631; x_wconf 72' lang='lat' dir='ltr'>adessent</span> <span class='ocrx_word' id='word_1_534' title='bbox 1680 2602 1687 2611; x_wconf 85' lang='lat'>&#39;</span> 
     </span>
     <span class='ocr_line' id='line_1_56' title="bbox 907 2643 1687 2679; baseline 0.003 -6"><span class='ocrx_word' id='word_1_535' title='bbox 907 2643 947 2679; x_wconf 80' lang='lat' dir='ltr'>V,</span> <span class='ocrx_word' id='word_1_536' title='bbox 968 2644 1075 2674; x_wconf 81' lang='lat' dir='ltr'>Klotz.</span> <span class='ocrx_word' id='word_1_537' title='bbox 1126 2644 1269 2674; x_wconf 77' lang='lat' dir='ltr'>lordan‘s</span> <span class='ocrx_word' id='word_1_538' title='bbox 1286 2644 1413 2674; x_wconf 84' lang='lat' dir='ltr'>remark</span> <span class='ocrx_word' id='word_1_539' title='bbox 1441 2645 1466 2673; x_wconf 62' lang='lat' dir='ltr'>i&gt;-</span> <span class='ocrx_word' id='word_1_540' title='bbox 1491 2648 1584 2674; x_wconf 69' lang='lat' dir='ltr'>true:</span> <span class='ocrx_word' id='word_1_541' title='bbox 1611 2646 1687 2675; x_wconf 65' lang='lat' dir='ltr'>“At</span> 
     </span>
     <span class='ocr_line' id='line_1_57' title="bbox 906 2687 1687 2726; baseline 0.001 -10"><span class='ocrx_word' id='word_1_542' title='bbox 906 2690 1044 2726; x_wconf 70' lang='lat' dir='ltr'>praesto</span> <span class='ocrx_word' id='word_1_543' title='bbox 1065 2699 1132 2717; x_wconf 73' lang='lat' dir='ltr'>esse</span> <span class='ocrx_word' id='word_1_544' title='bbox 1157 2688 1262 2717; x_wconf 74' lang='lat' dir='ltr'>&#39;l&#39;nllio</span> <span class='ocrx_word' id='word_1_545' title='bbox 1288 2687 1536 2717; x_wconf 70' lang='lat' dir='ltr'>usitatissimum</span> <span class='ocrx_word' id='word_1_546' title='bbox 1558 2699 1687 2717; x_wconf 64' lang='lat' dir='ltr'>sext-en-</span> 
     </span>
     <span class='ocr_line' id='line_1_58' title="bbox 906 2730 1686 2771; baseline -0.001 -10"><span class='ocrx_word' id='word_1_547' title='bbox 906 2730 967 2761; x_wconf 74' lang='lat' dir='ltr'>ties</span> <span class='ocrx_word' id='word_1_548' title='bbox 994 2731 1027 2760; x_wconf 88' lang='lat' dir='ltr'>in</span> <span class='ocrx_word' id='word_1_549' title='bbox 1051 2731 1100 2761; x_wconf 78' lang='lat' dir='ltr'>his</span> <span class='ocrx_word' id='word_1_550' title='bbox 1125 2730 1326 2761; x_wconf 78' lang='lat' dir='ltr'>orationilnls</span> <span class='ocrx_word' id='word_1_551' title='bbox 1353 2730 1486 2769; x_wconf 70' lang='lat' dir='ltr'>legitur,</span> <span class='ocrx_word' id='word_1_552' title='bbox 1510 2741 1686 2771; x_wconf 82' lang='lat' dir='ltr'>numquam</span> 
     </span>
     <span class='ocr_line' id='line_1_59' title="bbox 900 2774 1201 2813; baseline 0.01 -12"><span class='ocrx_word' id='word_1_553' title='bbox 900 2776 1038 2813; x_wconf 60' lang='lat' dir='ltr'>pram-lo</span> <span class='ocrx_word' id='word_1_554' title='bbox 1056 2774 1201 2804; x_wconf 46' lang='lat' dir='ltr'>adesse?</span> 
     </span>
    </p>

    <p class='ocr_par' dir='ltr' id='par_1_9' title="bbox 905 2815 1690 2902">
     <span class='ocr_line' id='line_1_60' title="bbox 964 2815 1685 2858; baseline 0 -12"><span class='ocrx_word' id='word_1_555' title='bbox 964 2817 1186 2858; x_wconf 67' lang='lat' dir='ltr'>Centuripini]</span> <span class='ocrx_word' id='word_1_556' title='bbox 1250 2816 1430 2856; x_wconf 75' lang='lat' dir='ltr'>Centuripa</span> <span class='ocrx_word' id='word_1_557' title='bbox 1482 2815 1685 2857; x_wconf 79' lang='grc' dir='ltr'>(Κεντόριπα,</span> 
     </span>
     <span class='ocr_line' id='line_1_61' title="bbox 905 2859 1690 2902; baseline -0.003 -12"><span class='ocrx_word' id='word_1_558' title='bbox 905 2859 1052 2901; x_wconf 62' lang='lat' dir='ltr'>Thueyd.</span> <span class='ocrx_word' id='word_1_559' title='bbox 1070 2860 1111 2891; x_wconf 79' lang='lat' dir='ltr'>vi.</span> <span class='ocrx_word' id='word_1_560' title='bbox 1135 2859 1191 2902; x_wconf 63' lang='lat'>94.)</span> <span class='ocrx_word' id='word_1_561' title='bbox 1217 2870 1282 2890; x_wconf 78' lang='lat' dir='ltr'>was</span> <span class='ocrx_word' id='word_1_562' title='bbox 1305 2859 1477 2900; x_wconf 74' lang='lat' dir='ltr'>originally</span> <span class='ocrx_word' id='word_1_563' title='bbox 1499 2870 1517 2890; x_wconf 81' lang='lat' dir='ltr'>a</span> <span class='ocrx_word' id='word_1_564' title='bbox 1541 2862 1629 2890; x_wconf 83' lang='lat' dir='ltr'>town</span> <span class='ocrx_word' id='word_1_565' title='bbox 1653 2860 1690 2889; x_wconf 80' lang='lat' dir='ltr'>of</span> 
     </span>
    </p>
   </div>
  </div>
 </body>
</html>
