<?xml version="1.0" encoding="UTF-8"?>
<!DOCTYPE html PUBLIC "-//W3C//DTD XHTML 1.0 Transitional//EN"
    "http://www.w3.org/TR/xhtml1/DTD/xhtml1-transitional.dtd">
<html xmlns="http://www.w3.org/1999/xhtml" xml:lang="en" lang="en">
 <head>
  <title>
</title>
<meta http-equiv="Content-Type" content="text/html;charset=utf-8" />
  <meta name='ocr-system' content='tesseract 3.04.00' />
  <meta name='ocr-capabilities' content='ocr_page ocr_carea ocr_par ocr_line ocrx_word'/>
</head>
<body>
  <div class='ocr_page' id='page_1' title='image "./orationeswithcom01ciceuoft_0624.png"; bbox 0 0 1849 3167; ppageno 0'>
   <div class='ocr_carea' id='block_1_1' title="bbox 150 116 1175 161">
    <p class='ocr_par' dir='ltr' id='par_1_1' title="bbox 150 116 1175 161">
     <span class='ocr_line' id='line_1_1' title="bbox 150 116 1175 161; baseline -0.004 0"><span class='ocrx_word' id='word_1_1' title='bbox 150 120 233 161; x_wconf 82' lang='lat'>604</span> <span class='ocrx_word' id='word_1_2' title='bbox 740 117 808 160; x_wconf 91' lang='lat' dir='ltr'>IN</span> <span class='ocrx_word' id='word_1_3' title='bbox 841 116 887 159; x_wconf 81' lang='lat' dir='ltr'>G.</span> <span class='ocrx_word' id='word_1_4' title='bbox 920 116 1175 159; x_wconf 85' lang='lat' dir='ltr'><strong>VERREM</strong></span> 
     </span>
    </p>
   </div>
   <div class='ocr_carea' id='block_1_2' title="bbox 132 230 1745 2250">
    <p class='ocr_par' dir='ltr' id='par_1_2' title="bbox 148 230 1745 797">
     <span class='ocr_line' id='line_1_2' title="bbox 149 230 1742 289; baseline 0 -15"><span class='ocrx_word' id='word_1_5' title='bbox 149 233 202 274; x_wconf 89' lang='lat' dir='ltr'>de</span> <span class='ocrx_word' id='word_1_6' title='bbox 237 248 320 289; x_wconf 94' lang='lat' dir='ltr'>quo</span> <span class='ocrx_word' id='word_1_7' title='bbox 355 231 447 288; x_wconf 86' lang='lat' dir='ltr'>jam</span> <span class='ocrx_word' id='word_1_8' title='bbox 482 246 605 287; x_wconf 80' lang='lat' dir='ltr'>saepe</span> <span class='ocrx_word' id='word_1_9' title='bbox 644 231 749 281; x_wconf 82' lang='lat' dir='ltr'>dixi,</span> <span class='ocrx_word' id='word_1_10' title='bbox 787 231 957 273; x_wconf 79' lang='lat' dir='ltr'>Sextius</span> <span class='ocrx_word' id='word_1_11' title='bbox 991 245 1192 272; x_wconf 85' lang='lat' dir='ltr'>converso</span> <span class='ocrx_word' id='word_1_12' title='bbox 1230 230 1381 272; x_wconf 90' lang='lat' dir='ltr'>baculo</span> <span class='ocrx_word' id='word_1_13' title='bbox 1415 231 1555 274; x_wconf 89' lang='lat' dir='ltr'>oculos</span> <span class='ocrx_word' id='word_1_14' title='bbox 1589 231 1742 274; x_wconf 85' lang='lat' dir='ltr'>misero</span> 
     </span>
     <span class='ocr_line' id='line_1_3' title="bbox 149 296 1743 353; baseline -0.001 -14"><span class='ocrx_word' id='word_1_15' title='bbox 149 300 329 340; x_wconf 87' lang='lat' dir='ltr'>tundere</span> <span class='ocrx_word' id='word_1_16' title='bbox 365 297 734 339; x_wconf 87' lang='lat' dir='ltr'>vehementissime</span> <span class='ocrx_word' id='word_1_17' title='bbox 775 297 924 352; x_wconf 84' lang='lat' dir='ltr'>coepit.</span> <span class='ocrx_word' id='word_1_18' title='bbox 1001 296 1154 351; x_wconf 83' lang='lat' dir='ltr'>Itaque</span> <span class='ocrx_word' id='word_1_19' title='bbox 1189 296 1274 346; x_wconf 87' lang='lat' dir='ltr'>ille,</span> <span class='ocrx_word' id='word_1_20' title='bbox 1316 311 1448 351; x_wconf 90' lang='lat' dir='ltr'>quum</span> <span class='ocrx_word' id='word_1_21' title='bbox 1487 298 1658 353; x_wconf 87' lang='lat' dir='ltr'>sanguis</span> <span class='ocrx_word' id='word_1_22' title='bbox 1699 313 1743 338; x_wconf 83' lang='lat' dir='ltr'>os</span> 
     </span>
     <span class='ocr_line' id='line_1_4' title="bbox 149 361 1745 419; baseline -0.001 -14"><span class='ocrx_word' id='word_1_23' title='bbox 149 364 372 419; x_wconf 89' lang='lat' dir='ltr'>oculosque</span> <span class='ocrx_word' id='word_1_24' title='bbox 393 363 653 418; x_wconf 76' lang='lat' dir='ltr'>complesset,</span> <span class='ocrx_word' id='word_1_25' title='bbox 676 363 871 411; x_wconf 89' lang='lat' dir='ltr'>concidit,</span> <span class='ocrx_word' id='word_1_26' title='bbox 887 377 1019 416; x_wconf 90' lang='lat' dir='ltr'>quum</span> <span class='ocrx_word' id='word_1_27' title='bbox 1039 361 1104 402; x_wconf 91' lang='lat' dir='ltr'>illi</span> <span class='ocrx_word' id='word_1_28' title='bbox 1125 362 1260 403; x_wconf 85' lang='lat' dir='ltr'>nihilo</span> <span class='ocrx_word' id='word_1_29' title='bbox 1281 362 1421 402; x_wconf 87' lang='lat' dir='ltr'>minus</span> <span class='ocrx_word' id='word_1_30' title='bbox 1437 362 1598 417; x_wconf 86' lang='lat' dir='ltr'>jacenti</span> <span class='ocrx_word' id='word_1_31' title='bbox 1612 363 1745 403; x_wconf 86' lang='lat' dir='ltr'>latera</span> 
     </span>
     <span class='ocr_line' id='line_1_5' title="bbox 149 426 1743 483; baseline -0.001 -13"><span class='ocrx_word' id='word_1_32' title='bbox 149 430 430 470; x_wconf 85' lang='lat' dir='ltr'>tunderentur</span> <span class='ocrx_word' id='word_1_33' title='bbox 465 435 513 469; x_wconf 90' lang='lat' dir='ltr'>ut</span> <span class='ocrx_word' id='word_1_34' title='bbox 548 429 775 483; x_wconf 88' lang='lat' dir='ltr'>aliquando</span> <span class='ocrx_word' id='word_1_35' title='bbox 815 428 1019 482; x_wconf 90' lang='lat' dir='ltr'>spondere</span> <span class='ocrx_word' id='word_1_36' title='bbox 1060 442 1103 468; x_wconf 89' lang='lat' dir='ltr'>se</span> <span class='ocrx_word' id='word_1_37' title='bbox 1139 427 1309 468; x_wconf 89' lang='lat' dir='ltr'>diceret.</span> <span class='ocrx_word' id='word_1_38' title='bbox 1371 426 1439 468; x_wconf 81' lang='lat' dir='ltr'>Sic</span> <span class='ocrx_word' id='word_1_39' title='bbox 1469 427 1541 468; x_wconf 90' lang='lat' dir='ltr'>ille</span> <span class='ocrx_word' id='word_1_40' title='bbox 1572 427 1743 468; x_wconf 87' lang='lat' dir='ltr'>affectus</span> 
     </span>
     <span class='ocr_line' id='line_1_6' title="bbox 149 492 1744 549; baseline -0.001 -14"><span class='ocrx_word' id='word_1_41' title='bbox 149 494 269 536; x_wconf 89' lang='lat' dir='ltr'>illinc</span> <span class='ocrx_word' id='word_1_42' title='bbox 290 499 382 535; x_wconf 88' lang='lat' dir='ltr'>tum</span> <span class='ocrx_word' id='word_1_43' title='bbox 402 509 478 549; x_wconf 89' lang='lat' dir='ltr'>pro</span> <span class='ocrx_word' id='word_1_44' title='bbox 499 500 666 535; x_wconf 90' lang='lat' dir='ltr'>mortuo</span> <span class='ocrx_word' id='word_1_45' title='bbox 687 492 876 534; x_wconf 89' lang='lat' dir='ltr'>sublatus</span> <span class='ocrx_word' id='word_1_46' title='bbox 896 492 1093 547; x_wconf 79' lang='lat' dir='ltr'>perbrevi</span> <span class='ocrx_word' id='word_1_47' title='bbox 1124 497 1268 547; x_wconf 86' lang='lat' dir='ltr'>postca</span> <span class='ocrx_word' id='word_1_48' title='bbox 1300 496 1362 533; x_wconf 89' lang='lat' dir='ltr'>est</span> <span class='ocrx_word' id='word_1_49' title='bbox 1391 497 1594 533; x_wconf 85' lang='lat' dir='ltr'>mortuus.</span> <span class='ocrx_word' id='word_1_50' title='bbox 1656 492 1744 534; x_wconf 85' lang='lat' dir='ltr'>Iste</span> 
     </span>
     <span class='ocr_line' id='line_1_7' title="bbox 149 557 1743 612; baseline 0 -12"><span class='ocrx_word' id='word_1_51' title='bbox 149 564 291 600; x_wconf 89' lang='lat' dir='ltr'>autem</span> <span class='ocrx_word' id='word_1_52' title='bbox 312 560 437 601; x_wconf 89' lang='lat' dir='ltr'>homo</span> <span class='ocrx_word' id='word_1_53' title='bbox 458 559 687 608; x_wconf 90' lang='lat' dir='ltr'>Venereus,</span> <span class='ocrx_word' id='word_1_54' title='bbox 711 557 885 599; x_wconf 88' lang='lat' dir='ltr'>affluens</span> <span class='ocrx_word' id='word_1_55' title='bbox 906 557 1022 599; x_wconf 90' lang='lat' dir='ltr'>omni</span> <span class='ocrx_word' id='word_1_56' title='bbox 1042 557 1184 612; x_wconf 89' lang='lat' dir='ltr'>lepore</span> <span class='ocrx_word' id='word_1_57' title='bbox 1212 573 1259 598; x_wconf 90' lang='lat' dir='ltr'>ac</span> <span class='ocrx_word' id='word_1_58' title='bbox 1289 562 1523 607; x_wconf 87' lang='lat' dir='ltr'>venustate,</span> <span class='ocrx_word' id='word_1_59' title='bbox 1546 557 1598 598; x_wconf 88' lang='lat' dir='ltr'>de</span> <span class='ocrx_word' id='word_1_60' title='bbox 1622 558 1743 600; x_wconf 87' lang='lat' dir='ltr'>bonis</span> 
     </span>
     <span class='ocr_line' id='line_1_8' title="bbox 148 621 1744 678; baseline -0.002 -13"><span class='ocrx_word' id='word_1_61' title='bbox 148 624 264 666; x_wconf 89' lang='lat' dir='ltr'>illius</span> <span class='ocrx_word' id='word_1_62' title='bbox 298 624 345 666; x_wconf 93' lang='lat' dir='ltr'>in</span> <span class='ocrx_word' id='word_1_63' title='bbox 379 625 480 666; x_wconf 90' lang='lat' dir='ltr'>aede</span> <span class='ocrx_word' id='word_1_64' title='bbox 513 624 693 665; x_wconf 86' lang='lat' dir='ltr'>Veneris</span> <span class='ocrx_word' id='word_1_65' title='bbox 725 628 977 677; x_wconf 86' lang='lat' dir='ltr'>argenteum</span> <span class='ocrx_word' id='word_1_66' title='bbox 1011 622 1266 677; x_wconf 82' lang='lat' dir='ltr'>Cupidinem</span> <span class='ocrx_word' id='word_1_67' title='bbox 1296 622 1448 678; x_wconf 89' lang='lat' dir='ltr'>posuit.</span> <span class='ocrx_word' id='word_1_68' title='bbox 1510 621 1579 663; x_wconf 77' lang='lat' dir='ltr'>Sic</span> <span class='ocrx_word' id='word_1_69' title='bbox 1614 622 1744 663; x_wconf 90' lang='lat' dir='ltr'>etiam</span> 
     </span>
     <span class='ocr_line' id='line_1_9' title="bbox 149 686 1744 742; baseline -0.001 -11"><span class='ocrx_word' id='word_1_70' title='bbox 149 689 331 731; x_wconf 86' lang='lat' dir='ltr'>fortunis</span> <span class='ocrx_word' id='word_1_71' title='bbox 379 688 602 730; x_wconf 82' lang='lat' dir='ltr'>hominum</span> <span class='ocrx_word' id='word_1_72' title='bbox 651 688 905 730; x_wconf 72' lang='lat' dir='ltr'>abutebatur</span> <span class='ocrx_word' id='word_1_73' title='bbox 954 688 1008 729; x_wconf 87' lang='lat' dir='ltr'>ad</span> <span class='ocrx_word' id='word_1_74' title='bbox 1056 692 1264 729; x_wconf 87' lang='lat' dir='ltr'>nocturna</span> <span class='ocrx_word' id='word_1_75' title='bbox 1312 692 1412 729; x_wconf 85' lang='lat' dir='ltr'>vota</span> <span class='ocrx_word' id='word_1_76' title='bbox 1460 686 1744 742; x_wconf 76' lang='lat' dir='ltr'>cupiditatum</span> 
     </span>
     <span class='ocr_line' id='line_1_10' title="bbox 149 770 333 797; baseline -0.011 0"><span class='ocrx_word' id='word_1_77' title='bbox 149 770 333 797; x_wconf 88' lang='lat' dir='ltr'>suarum.</span> 
     </span>
    </p>

    <p class='ocr_par' dir='ltr' id='par_1_3' title="bbox 104 817 1743 2250">
     <span class='ocr_line' id='line_1_11' title="bbox 206 817 1742 874; baseline -0.001 -13"><span class='ocrx_word' id='word_1_78' title='bbox 206 821 298 862; x_wconf 93' lang='lat' dir='ltr'>LV.</span> <span class='ocrx_word' id='word_1_79' title='bbox 343 820 386 862; x_wconf 89' lang='lat' dir='ltr'>N</span> <span class='ocrx_word' id='word_1_80' title='bbox 389 820 458 860; x_wconf 80' lang='lat' dir='ltr'>am</span> <span class='ocrx_word' id='word_1_81' title='bbox 487 819 591 874; x_wconf 90' lang='lat' dir='ltr'>quid</span> <span class='ocrx_word' id='word_1_82' title='bbox 621 834 700 874; x_wconf 87' lang='lat' dir='ltr'>ego</span> <span class='ocrx_word' id='word_1_83' title='bbox 731 818 783 860; x_wconf 92' lang='lat' dir='ltr'>do</span> <span class='ocrx_word' id='word_1_84' title='bbox 814 817 963 860; x_wconf 88' lang='lat' dir='ltr'>ceteris</span> <span class='ocrx_word' id='word_1_85' title='bbox 994 817 1152 860; x_wconf 85' lang='lat' dir='ltr'>civium</span> <span class='ocrx_word' id='word_1_86' title='bbox 1192 818 1482 860; x_wconf 86' lang='lat' dir='ltr'>Romanorum</span> <span class='ocrx_word' id='word_1_87' title='bbox 1524 817 1742 874; x_wconf 86' lang='lat' dir='ltr'>suppliciis</span> 
     </span>
     <span class='ocr_line' id='line_1_12' title="bbox 147 879 1743 940; baseline -0.001 -14.026"><span class='ocrx_word' id='word_1_88' title='bbox 147 884 401 940; x_wconf 85' lang='lat' dir='ltr'>singillatim</span> <span class='ocrx_word' id='word_1_89' title='bbox 421 885 561 940; x_wconf 89' lang='lat' dir='ltr'>potius</span> <span class='ocrx_word' id='word_1_90' title='bbox 583 879 712 939; x_wconf 85' lang='lat' dir='ltr'>quarn</span> <span class='ocrx_word' id='word_1_91' title='bbox 733 883 971 940; x_wconf 85' lang='lat' dir='ltr'>generatim</span> <span class='ocrx_word' id='word_1_92' title='bbox 991 889 1117 939; x_wconf 91' lang='lat' dir='ltr'>atque</span> <span class='ocrx_word' id='word_1_93' title='bbox 1137 884 1332 926; x_wconf 87' lang='lat' dir='ltr'>universe</span> <span class='ocrx_word' id='word_1_94' title='bbox 1351 885 1533 940; x_wconf 79' lang='lat' dir='ltr'>loquar?</span> <span class='ocrx_word' id='word_1_95' title='bbox 1591 884 1743 925; x_wconf 87' lang='lat' dir='ltr'>Carcer</span> 
     </span>
     <span class='ocr_line' id='line_1_13' title="bbox 147 949 1743 1006; baseline 0.001 -16"><span class='ocrx_word' id='word_1_96' title='bbox 147 949 219 991; x_wconf 90' lang='lat' dir='ltr'>ille</span> <span class='ocrx_word' id='word_1_97' title='bbox 240 950 315 1006; x_wconf 92' lang='lat' dir='ltr'>qui</span> <span class='ocrx_word' id='word_1_98' title='bbox 335 955 398 992; x_wconf 87' lang='lat' dir='ltr'>est</span> <span class='ocrx_word' id='word_1_99' title='bbox 420 965 444 991; x_wconf 91' lang='lat' dir='ltr'>a</span> <span class='ocrx_word' id='word_1_100' title='bbox 465 950 755 991; x_wconf 88' lang='lat' dir='ltr'>crudelissimo</span> <span class='ocrx_word' id='word_1_101' title='bbox 777 954 960 1005; x_wconf 84' lang='lat' dir='ltr'>tyranno</span> <span class='ocrx_word' id='word_1_102' title='bbox 983 949 1188 1005; x_wconf 88' lang='lat' dir='ltr'>Dionysio</span> <span class='ocrx_word' id='word_1_103' title='bbox 1216 950 1351 992; x_wconf 87' lang='lat' dir='ltr'>factus</span> <span class='ocrx_word' id='word_1_104' title='bbox 1372 950 1602 1005; x_wconf 80' lang='lat' dir='ltr'>SyracusiS‚</span> <span class='ocrx_word' id='word_1_105' title='bbox 1634 965 1743 1005; x_wconf 88' lang='lat' dir='ltr'>quae</span> 
     </span>
     <span class='ocr_line' id='line_1_14' title="bbox 147 1014 1740 1069; baseline 0 -13"><span class='ocrx_word' id='word_1_106' title='bbox 147 1014 379 1056; x_wconf 83' lang='lat' dir='ltr'>lautumiae</span> <span class='ocrx_word' id='word_1_107' title='bbox 411 1019 630 1064; x_wconf 80' lang='lat' dir='ltr'>vocantur,</span> <span class='ocrx_word' id='word_1_108' title='bbox 661 1015 707 1056; x_wconf 93' lang='lat' dir='ltr'>in</span> <span class='ocrx_word' id='word_1_109' title='bbox 737 1014 859 1056; x_wconf 87' lang='lat' dir='ltr'>istius</span> <span class='ocrx_word' id='word_1_110' title='bbox 886 1014 1065 1069; x_wconf 90' lang='lat' dir='ltr'>imperio</span> <span class='ocrx_word' id='word_1_111' title='bbox 1097 1015 1360 1056; x_wconf 78' lang='lat' dir='ltr'>domicilium</span> <span class='ocrx_word' id='word_1_112' title='bbox 1394 1015 1552 1056; x_wconf 90' lang='lat' dir='ltr'>civium</span> <span class='ocrx_word' id='word_1_113' title='bbox 1584 1014 1740 1056; x_wconf 85' lang='lat' dir='ltr'>Roma-</span> 
     </span>
     <span class='ocr_line' id='line_1_15' title="bbox 146 1079 1742 1136; baseline -0.001 -14"><span class='ocrx_word' id='word_1_114' title='bbox 146 1096 301 1122; x_wconf 90' lang='lat' dir='ltr'>norum</span> <span class='ocrx_word' id='word_1_115' title='bbox 320 1081 414 1122; x_wconf 85' lang='lat' dir='ltr'>fuit.</span> <span class='ocrx_word' id='word_1_116' title='bbox 476 1080 539 1122; x_wconf 87' lang='lat' dir='ltr'>Ut</span> <span class='ocrx_word' id='word_1_117' title='bbox 572 1081 750 1136; x_wconf 90' lang='lat' dir='ltr'>quisque</span> <span class='ocrx_word' id='word_1_118' title='bbox 778 1080 899 1121; x_wconf 87' lang='lat' dir='ltr'>istius</span> <span class='ocrx_word' id='word_1_119' title='bbox 930 1080 1122 1121; x_wconf 88' lang='lat' dir='ltr'>animum</span> <span class='ocrx_word' id='word_1_120' title='bbox 1151 1085 1225 1121; x_wconf 89' lang='lat' dir='ltr'>aut</span> <span class='ocrx_word' id='word_1_121' title='bbox 1256 1081 1396 1122; x_wconf 91' lang='lat' dir='ltr'>oculos</span> <span class='ocrx_word' id='word_1_122' title='bbox 1420 1080 1663 1129; x_wconf 86' lang='lat' dir='ltr'>offenderat,</span> <span class='ocrx_word' id='word_1_123' title='bbox 1695 1079 1742 1121; x_wconf 91' lang='lat' dir='ltr'>in</span> 
     </span>
     <span class='ocr_line' id='line_1_16' title="bbox 146 1144 1741 1202; baseline -0.001 -15"><span class='ocrx_word' id='word_1_124' title='bbox 146 1146 374 1187; x_wconf 86' lang='lat' dir='ltr'>lautumias</span> <span class='ocrx_word' id='word_1_125' title='bbox 395 1145 541 1187; x_wconf 88' lang='lat' dir='ltr'>statim</span> <span class='ocrx_word' id='word_1_126' title='bbox 561 1146 876 1202; x_wconf 85' lang='lat' dir='ltr'>conjiciebatur.</span> <span class='ocrx_word' id='word_1_127' title='bbox 938 1144 1177 1200; x_wconf 87' lang='lat' dir='ltr'>Indignum</span> <span class='ocrx_word' id='word_1_128' title='bbox 1196 1145 1275 1187; x_wconf 85' lang='lat' dir='ltr'>hoc</span> <span class='ocrx_word' id='word_1_129' title='bbox 1296 1146 1418 1187; x_wconf 85' lang='lat' dir='ltr'>video</span> <span class='ocrx_word' id='word_1_130' title='bbox 1448 1145 1586 1187; x_wconf 88' lang='lat' dir='ltr'>videri</span> <span class='ocrx_word' id='word_1_131' title='bbox 1605 1145 1741 1186; x_wconf 88' lang='lat' dir='ltr'>omni-</span> 
     </span>
     <span class='ocr_line' id='line_1_17' title="bbox 144 1210 1741 1267; baseline -0.002 -14"><span class='ocrx_word' id='word_1_132' title='bbox 144 1213 235 1261; x_wconf 88' lang='lat' dir='ltr'>bus,</span> <span class='ocrx_word' id='word_1_133' title='bbox 265 1212 442 1267; x_wconf 86' lang='lat' dir='ltr'>judices,</span> <span class='ocrx_word' id='word_1_134' title='bbox 477 1216 519 1252; x_wconf 91' lang='lat' dir='ltr'>et</span> <span class='ocrx_word' id='word_1_135' title='bbox 550 1211 595 1251; x_wconf 89' lang='lat' dir='ltr'>id</span> <span class='ocrx_word' id='word_1_136' title='bbox 623 1212 714 1266; x_wconf 87' lang='lat' dir='ltr'>jam</span> <span class='ocrx_word' id='word_1_137' title='bbox 737 1210 878 1266; x_wconf 89' lang='lat' dir='ltr'>priore</span> <span class='ocrx_word' id='word_1_138' title='bbox 906 1210 1071 1252; x_wconf 91' lang='lat' dir='ltr'>actione</span> <span class='ocrx_word' id='word_1_139' title='bbox 1096 1226 1229 1266; x_wconf 91' lang='lat' dir='ltr'>quum</span> <span class='ocrx_word' id='word_1_140' title='bbox 1258 1211 1361 1252; x_wconf 91' lang='lat' dir='ltr'>haec</span> <span class='ocrx_word' id='word_1_141' title='bbox 1393 1215 1521 1252; x_wconf 88' lang='lat' dir='ltr'>testes</span> <span class='ocrx_word' id='word_1_142' title='bbox 1550 1211 1741 1251; x_wconf 80' lang='lat' dir='ltr'>dicerent</span> 
     </span>
     <span class='ocr_line' id='line_1_18' title="bbox 144 1275 1739 1331; baseline -0.001 -13"><span class='ocrx_word' id='word_1_143' title='bbox 144 1277 366 1327; x_wconf 83' lang='lat' dir='ltr'>intellexi;</span> <span class='ocrx_word' id='word_1_144' title='bbox 399 1277 575 1317; x_wconf 86' lang='lat' dir='ltr'>retineri</span> <span class='ocrx_word' id='word_1_145' title='bbox 601 1276 717 1317; x_wconf 91' lang='lat' dir='ltr'>enim</span> <span class='ocrx_word' id='word_1_146' title='bbox 745 1276 904 1330; x_wconf 89' lang='lat' dir='ltr'>putatis</span> <span class='ocrx_word' id='word_1_147' title='bbox 932 1280 1124 1330; x_wconf 86' lang='lat' dir='ltr'>oportere</span> <span class='ocrx_word' id='word_1_148' title='bbox 1151 1276 1250 1331; x_wconf 89' lang='lat' dir='ltr'>jura</span> <span class='ocrx_word' id='word_1_149' title='bbox 1279 1276 1489 1317; x_wconf 86' lang='lat' dir='ltr'>libertatis</span> <span class='ocrx_word' id='word_1_150' title='bbox 1510 1291 1595 1316; x_wconf 92' lang='lat' dir='ltr'>non</span> <span class='ocrx_word' id='word_1_151' title='bbox 1615 1275 1739 1316; x_wconf 89' lang='lat' dir='ltr'>modo</span> 
     </span>
     <span class='ocr_line' id='line_1_19' title="bbox 143 1340 1740 1396; baseline -0.001 -13"><span class='ocrx_word' id='word_1_152' title='bbox 143 1343 226 1392; x_wconf 88' lang='lat' dir='ltr'>hic,</span> <span class='ocrx_word' id='word_1_153' title='bbox 263 1343 337 1383; x_wconf 91' lang='lat' dir='ltr'>ubi</span> <span class='ocrx_word' id='word_1_154' title='bbox 368 1341 531 1382; x_wconf 90' lang='lat' dir='ltr'>tribuni</span> <span class='ocrx_word' id='word_1_155' title='bbox 564 1341 699 1396; x_wconf 89' lang='lat' dir='ltr'>plebis</span> <span class='ocrx_word' id='word_1_156' title='bbox 739 1346 850 1390; x_wconf 90' lang='lat' dir='ltr'>sunt,</span> <span class='ocrx_word' id='word_1_157' title='bbox 884 1341 958 1381; x_wconf 89' lang='lat' dir='ltr'>ubi</span> <span class='ocrx_word' id='word_1_158' title='bbox 989 1341 1118 1381; x_wconf 88' lang='lat' dir='ltr'>ceteri</span> <span class='ocrx_word' id='word_1_159' title='bbox 1157 1341 1445 1396; x_wconf 81' lang='lat' dir='ltr'>magistratus,</span> <span class='ocrx_word' id='word_1_160' title='bbox 1486 1340 1561 1381; x_wconf 87' lang='lat' dir='ltr'>ubi</span> <span class='ocrx_word' id='word_1_161' title='bbox 1599 1340 1740 1382; x_wconf 86' lang='lat' dir='ltr'>forum</span> 
     </span>
     <span class='ocr_line' id='line_1_20' title="bbox 142 1405 1739 1463; baseline -0.001 -15"><span class='ocrx_word' id='word_1_162' title='bbox 142 1408 318 1463; x_wconf 89' lang='lat' dir='ltr'>plenum</span> <span class='ocrx_word' id='word_1_163' title='bbox 334 1406 606 1462; x_wconf 88' lang='lat' dir='ltr'>judiciorum,</span> <span class='ocrx_word' id='word_1_164' title='bbox 628 1405 702 1447; x_wconf 87' lang='lat' dir='ltr'>ubi</span> <span class='ocrx_word' id='word_1_165' title='bbox 723 1410 891 1446; x_wconf 86' lang='lat' dir='ltr'>senatus</span> <span class='ocrx_word' id='word_1_166' title='bbox 924 1405 1164 1455; x_wconf 85' lang='lat' dir='ltr'>auctoritas,</span> <span class='ocrx_word' id='word_1_167' title='bbox 1197 1406 1271 1446; x_wconf 90' lang='lat' dir='ltr'>ubi</span> <span class='ocrx_word' id='word_1_168' title='bbox 1302 1405 1560 1446; x_wconf 83' lang='lat' dir='ltr'>existimatio</span> <span class='ocrx_word' id='word_1_169' title='bbox 1591 1405 1739 1460; x_wconf 91' lang='lat' dir='ltr'>populi</span> 
     </span>
     <span class='ocr_line' id='line_1_21' title="bbox 143 1470 1738 1526; baseline -0.003 -12"><span class='ocrx_word' id='word_1_170' title='bbox 143 1472 328 1514; x_wconf 85' lang='lat' dir='ltr'>Romani</span> <span class='ocrx_word' id='word_1_171' title='bbox 349 1477 390 1513; x_wconf 92' lang='lat' dir='ltr'>et</span> <span class='ocrx_word' id='word_1_172' title='bbox 411 1471 663 1526; x_wconf 87' lang='lat' dir='ltr'>frequentia,</span> <span class='ocrx_word' id='word_1_173' title='bbox 687 1471 760 1512; x_wconf 90' lang='lat' dir='ltr'>sed</span> <span class='ocrx_word' id='word_1_174' title='bbox 772 1471 1027 1525; x_wconf 88' lang='lat' dir='ltr'>ubicumque</span> <span class='ocrx_word' id='word_1_175' title='bbox 1040 1475 1252 1511; x_wconf 87' lang='lat' dir='ltr'>terrarum</span> <span class='ocrx_word' id='word_1_176' title='bbox 1268 1476 1309 1512; x_wconf 90' lang='lat' dir='ltr'>et</span> <span class='ocrx_word' id='word_1_177' title='bbox 1323 1471 1517 1526; x_wconf 86' lang='lat' dir='ltr'>gentium</span> <span class='ocrx_word' id='word_1_178' title='bbox 1532 1470 1738 1511; x_wconf 82' lang='lat' dir='ltr'>violatum</span> 
     </span>
     <span class='ocr_line' id='line_1_22' title="bbox 137 1535 1738 1595; baseline -0.002 -15"><span class='ocrx_word' id='word_1_179' title='bbox 137 1539 209 1595; x_wconf 86' lang='lat' dir='ltr'>jus</span> <span class='ocrx_word' id='word_1_180' title='bbox 245 1538 404 1580; x_wconf 85' lang='lat' dir='ltr'>civium</span> <span class='ocrx_word' id='word_1_181' title='bbox 433 1537 724 1578; x_wconf 89' lang='lat' dir='ltr'>Romanorum</span> <span class='ocrx_word' id='word_1_182' title='bbox 751 1536 819 1586; x_wconf 90' lang='lat' dir='ltr'>sit,</span> <span class='ocrx_word' id='word_1_183' title='bbox 852 1535 1039 1577; x_wconf 85' lang='lat' dir='ltr'>statuitis</span> <span class='ocrx_word' id='word_1_184' title='bbox 1069 1536 1115 1576; x_wconf 90' lang='lat' dir='ltr'>id</span> <span class='ocrx_word' id='word_1_185' title='bbox 1143 1536 1356 1590; x_wconf 88' lang='lat' dir='ltr'>pertinere</span> <span class='ocrx_word' id='word_1_186' title='bbox 1386 1537 1440 1577; x_wconf 88' lang='lat' dir='ltr'>ad</span> <span class='ocrx_word' id='word_1_187' title='bbox 1471 1551 1738 1577; x_wconf 90' lang='lat' dir='ltr'>communem</span> 
     </span>
     <span class='ocr_line' id='line_1_23' title="bbox 141 1600 1736 1656; baseline -0.003 -10"><span class='ocrx_word' id='word_1_188' title='bbox 141 1620 312 1646; x_wconf 89' lang='lat' dir='ltr'>causam</span> <span class='ocrx_word' id='word_1_189' title='bbox 341 1603 551 1644; x_wconf 86' lang='lat' dir='ltr'>libertatis</span> <span class='ocrx_word' id='word_1_190' title='bbox 572 1607 614 1643; x_wconf 90' lang='lat' dir='ltr'>et</span> <span class='ocrx_word' id='word_1_191' title='bbox 635 1601 872 1656; x_wconf 84' lang='lat' dir='ltr'>dignitatis.</span> <span class='ocrx_word' id='word_1_192' title='bbox 934 1600 989 1641; x_wconf 90' lang='lat' dir='ltr'>In</span> <span class='ocrx_word' id='word_1_193' title='bbox 1020 1606 1293 1642; x_wconf 79' lang='lat' dir='ltr'>externorum</span> <span class='ocrx_word' id='word_1_194' title='bbox 1322 1601 1545 1642; x_wconf 88' lang='lat' dir='ltr'>hominum</span> <span class='ocrx_word' id='word_1_195' title='bbox 1575 1601 1736 1642; x_wconf 88' lang='lat' dir='ltr'>malefi-</span> 
     </span>
     <span class='ocr_line' id='line_1_24' title="bbox 141 1666 1737 1722; baseline -0.002 -11"><span class='ocrx_word' id='word_1_196' title='bbox 141 1685 287 1711; x_wconf 89' lang='lat' dir='ltr'>corum</span> <span class='ocrx_word' id='word_1_197' title='bbox 319 1668 714 1722; x_wconf 87' lang='lat' dir='ltr'>sceleratorumque,</span> <span class='ocrx_word' id='word_1_198' title='bbox 748 1666 795 1706; x_wconf 91' lang='lat' dir='ltr'>in</span> <span class='ocrx_word' id='word_1_199' title='bbox 834 1667 1096 1720; x_wconf 87' lang='lat' dir='ltr'>praedonum</span> <span class='ocrx_word' id='word_1_200' title='bbox 1135 1666 1404 1721; x_wconf 90' lang='lat' dir='ltr'>hostiumque</span> <span class='ocrx_word' id='word_1_201' title='bbox 1440 1666 1649 1707; x_wconf 86' lang='lat' dir='ltr'>custodias</span> <span class='ocrx_word' id='word_1_202' title='bbox 1689 1670 1737 1708; x_wconf 90' lang='lat' dir='ltr'>tu</span> 
     </span>
     <span class='ocr_line' id='line_1_25' title="bbox 139 1731 1736 1776; baseline -0.002 -1"><span class='ocrx_word' id='word_1_203' title='bbox 139 1740 310 1776; x_wconf 85' lang='lat' dir='ltr'>tantum</span> <span class='ocrx_word' id='word_1_204' title='bbox 330 1748 557 1775; x_wconf 88' lang='lat' dir='ltr'>numerum</span> <span class='ocrx_word' id='word_1_205' title='bbox 577 1732 737 1773; x_wconf 87' lang='lat' dir='ltr'>civium</span> <span class='ocrx_word' id='word_1_206' title='bbox 767 1731 1060 1772; x_wconf 86' lang='lat' dir='ltr'>Romanorum</span> <span class='ocrx_word' id='word_1_207' title='bbox 1084 1731 1301 1773; x_wconf 88' lang='lat' dir='ltr'>includere</span> <span class='ocrx_word' id='word_1_208' title='bbox 1329 1735 1453 1773; x_wconf 86' lang='lat' dir='ltr'>ausus</span> <span class='ocrx_word' id='word_1_209' title='bbox 1478 1731 1554 1772; x_wconf 79' lang='lat' dir='ltr'>es?</span> <span class='ocrx_word' id='word_1_210' title='bbox 1613 1731 1736 1773; x_wconf 90' lang='lat' dir='ltr'>Nun-</span> 
     </span>
     <span class='ocr_line' id='line_1_26' title="bbox 140 1796 1738 1856; baseline -0.002 -15"><span class='ocrx_word' id='word_1_211' title='bbox 140 1815 323 1856; x_wconf 88' lang='lat' dir='ltr'>quamne</span> <span class='ocrx_word' id='word_1_212' title='bbox 357 1799 438 1840; x_wconf 89' lang='lat' dir='ltr'>tibi</span> <span class='ocrx_word' id='word_1_213' title='bbox 467 1797 634 1854; x_wconf 86' lang='lat' dir='ltr'>judicii,</span> <span class='ocrx_word' id='word_1_214' title='bbox 669 1812 890 1852; x_wconf 88' lang='lat' dir='ltr'>nunquam</span> <span class='ocrx_word' id='word_1_215' title='bbox 925 1796 1146 1846; x_wconf 90' lang='lat' dir='ltr'>contionis,</span> <span class='ocrx_word' id='word_1_216' title='bbox 1180 1812 1401 1852; x_wconf 87' lang='lat' dir='ltr'>nunquam</span> <span class='ocrx_word' id='word_1_217' title='bbox 1434 1796 1562 1852; x_wconf 88' lang='lat' dir='ltr'>hujus</span> <span class='ocrx_word' id='word_1_218' title='bbox 1593 1801 1738 1839; x_wconf 88' lang='lat' dir='ltr'>tantae</span> 
     </span>
     <span class='ocr_line' id='line_1_27' title="bbox 139 1861 1736 1921; baseline -0.002 -14"><span class='ocrx_word' id='word_1_219' title='bbox 139 1865 417 1921; x_wconf 88' lang='lat' dir='ltr'>frequentiae,</span> <span class='ocrx_word' id='word_1_220' title='bbox 441 1879 548 1919; x_wconf 87' lang='lat' dir='ltr'>quae</span> <span class='ocrx_word' id='word_1_221' title='bbox 568 1878 683 1904; x_wconf 89' lang='lat' dir='ltr'>nunc</span> <span class='ocrx_word' id='word_1_222' title='bbox 704 1863 847 1904; x_wconf 87' lang='lat' dir='ltr'>animo</span> <span class='ocrx_word' id='word_1_223' title='bbox 869 1868 910 1904; x_wconf 89' lang='lat' dir='ltr'>te</span> <span class='ocrx_word' id='word_1_224' title='bbox 932 1862 1199 1918; x_wconf 90' lang='lat' dir='ltr'>iniquissimo</span> <span class='ocrx_word' id='word_1_225' title='bbox 1219 1861 1577 1917; x_wconf 87' lang='lat' dir='ltr'>infestissimoque</span> <span class='ocrx_word' id='word_1_226' title='bbox 1596 1862 1736 1904; x_wconf 88' lang='lat' dir='ltr'>intue-</span> 
     </span>
     <span class='ocr_line' id='line_1_28' title="bbox 138 1927 1737 1983; baseline -0.003 -11"><span class='ocrx_word' id='word_1_227' title='bbox 138 1936 222 1981; x_wconf 85' lang='lat' dir='ltr'>tur,</span> <span class='ocrx_word' id='word_1_228' title='bbox 245 1930 364 1972; x_wconf 89' lang='lat' dir='ltr'>venit</span> <span class='ocrx_word' id='word_1_229' title='bbox 384 1930 431 1970; x_wconf 95' lang='lat' dir='ltr'>in</span> <span class='ocrx_word' id='word_1_230' title='bbox 451 1929 673 1970; x_wconf 79' lang='lat' dir='ltr'>mentem?</span> <span class='ocrx_word' id='word_1_231' title='bbox 703 1943 926 1983; x_wconf 89' lang='lat' dir='ltr'>nunquam</span> <span class='ocrx_word' id='word_1_232' title='bbox 945 1928 1025 1969; x_wconf 89' lang='lat' dir='ltr'>tibi</span> <span class='ocrx_word' id='word_1_233' title='bbox 1046 1927 1192 1983; x_wconf 90' lang='lat' dir='ltr'>populi</span> <span class='ocrx_word' id='word_1_234' title='bbox 1214 1927 1399 1969; x_wconf 86' lang='lat' dir='ltr'>Romani</span> <span class='ocrx_word' id='word_1_235' title='bbox 1430 1927 1614 1968; x_wconf 87' lang='lat' dir='ltr'>absentis</span> <span class='ocrx_word' id='word_1_236' title='bbox 1641 1928 1737 1983; x_wconf 86' lang='lat' dir='ltr'>dig-</span> 
     </span>
     <span class='ocr_line' id='line_1_29' title="bbox 138 1992 1738 2051; baseline -0.003 -13"><span class='ocrx_word' id='word_1_237' title='bbox 138 1998 264 2048; x_wconf 87' lang='lat' dir='ltr'>nitas,</span> <span class='ocrx_word' id='word_1_238' title='bbox 281 2011 504 2051; x_wconf 88' lang='lat' dir='ltr'>nunquam</span> <span class='ocrx_word' id='word_1_239' title='bbox 525 1995 682 2050; x_wconf 89' lang='lat' dir='ltr'>species</span> <span class='ocrx_word' id='word_1_240' title='bbox 702 1994 793 2049; x_wconf 89' lang='lat' dir='ltr'>ipsa</span> <span class='ocrx_word' id='word_1_241' title='bbox 808 1994 985 2050; x_wconf 88' lang='lat' dir='ltr'>hujusce</span> <span class='ocrx_word' id='word_1_242' title='bbox 1000 1993 1291 2034; x_wconf 88' lang='lat' dir='ltr'>multitudinis</span> <span class='ocrx_word' id='word_1_243' title='bbox 1306 1993 1352 2033; x_wconf 92' lang='lat' dir='ltr'>in</span> <span class='ocrx_word' id='word_1_244' title='bbox 1365 1992 1496 2034; x_wconf 91' lang='lat' dir='ltr'>oculis</span> <span class='ocrx_word' id='word_1_245' title='bbox 1513 1992 1738 2048; x_wconf 88' lang='lat' dir='ltr'>animoque</span> 
     </span>
     <span class='ocr_line' id='line_1_30' title="bbox 137 2058 1734 2115; baseline -0.004 -10"><span class='ocrx_word' id='word_1_246' title='bbox 137 2068 305 2105; x_wconf 82' lang='lat' dir='ltr'>versata</span> <span class='ocrx_word' id='word_1_247' title='bbox 334 2062 432 2103; x_wconf 77' lang='lat' dir='ltr'>est?</span> <span class='ocrx_word' id='word_1_248' title='bbox 462 2076 684 2115; x_wconf 87' lang='lat' dir='ltr'>nunquam</span> <span class='ocrx_word' id='word_1_249' title='bbox 714 2065 756 2101; x_wconf 91' lang='lat' dir='ltr'>te</span> <span class='ocrx_word' id='word_1_250' title='bbox 786 2060 833 2100; x_wconf 92' lang='lat' dir='ltr'>in</span> <span class='ocrx_word' id='word_1_251' title='bbox 862 2060 1017 2100; x_wconf 87' lang='lat' dir='ltr'>horum</span> <span class='ocrx_word' id='word_1_252' title='bbox 1043 2063 1315 2114; x_wconf 88' lang='lat' dir='ltr'>conspectum</span> <span class='ocrx_word' id='word_1_253' title='bbox 1345 2058 1594 2108; x_wconf 89' lang='lat' dir='ltr'>rediturum,</span> <span class='ocrx_word' id='word_1_254' title='bbox 1626 2073 1734 2099; x_wconf 93' lang='lat' dir='ltr'>nun-</span> 
     </span>
     <span class='ocr_line' id='line_1_31' title="bbox 138 2123 1737 2184; baseline -0.003 -14"><span class='ocrx_word' id='word_1_255' title='bbox 138 2144 267 2184; x_wconf 89' lang='lat' dir='ltr'>quam</span> <span class='ocrx_word' id='word_1_256' title='bbox 286 2128 329 2168; x_wconf 91' lang='lat' dir='ltr'>in</span> <span class='ocrx_word' id='word_1_257' title='bbox 354 2127 493 2168; x_wconf 87' lang='lat' dir='ltr'>forum</span> <span class='ocrx_word' id='word_1_258' title='bbox 512 2125 660 2181; x_wconf 90' lang='lat' dir='ltr'>populi</span> <span class='ocrx_word' id='word_1_259' title='bbox 680 2125 866 2166; x_wconf 87' lang='lat' dir='ltr'>Romani</span> <span class='ocrx_word' id='word_1_260' title='bbox 886 2130 1127 2174; x_wconf 83' lang='lat' dir='ltr'>venturum,</span> <span class='ocrx_word' id='word_1_261' title='bbox 1161 2139 1382 2179; x_wconf 90' lang='lat' dir='ltr'>nunquam</span> <span class='ocrx_word' id='word_1_262' title='bbox 1411 2123 1488 2165; x_wconf 86' lang='lat' dir='ltr'>sub</span> <span class='ocrx_word' id='word_1_263' title='bbox 1519 2123 1665 2179; x_wconf 87' lang='lat' dir='ltr'>legum</span> <span class='ocrx_word' id='word_1_264' title='bbox 1695 2128 1737 2164; x_wconf 88' lang='lat' dir='ltr'>et</span> 
     </span>
     <span class='ocr_line' id='line_1_32' title="bbox 132 2189 1208 2250; baseline -0.005 -15"><span class='ocrx_word' id='word_1_265' title='bbox 132 2194 391 2250; x_wconf 88' lang='lat' dir='ltr'>judiciorum</span> <span class='ocrx_word' id='word_1_266' title='bbox 413 2196 668 2248; x_wconf 86' lang='lat' dir='ltr'>potestatem</span> <span class='ocrx_word' id='word_1_267' title='bbox 689 2205 885 2232; x_wconf 88' lang='lat' dir='ltr'>casurum</span> <span class='ocrx_word' id='word_1_268' title='bbox 905 2205 992 2231; x_wconf 90' lang='lat' dir='ltr'>esse</span> <span class='ocrx_word' id='word_1_269' title='bbox 1013 2189 1208 2230; x_wconf 78' lang='lat' dir='ltr'>duxisti?</span> 
     </span>
    </p>
   </div>
   <div class='ocr_carea' id='block_1_3' title="bbox 135 2335 913 2892">
    <p class='ocr_par' dir='ltr' id='par_1_4' title="bbox 135 2335 913 2592">
     <span class='ocr_line' id='line_1_33' title="bbox 136 2335 912 2379; baseline -0.004 -10"><span class='ocrx_word' id='word_1_270' title='bbox 136 2339 280 2379; x_wconf 85' lang='lat' dir='ltr'>pression</span> <span class='ocrx_word' id='word_1_271' title='bbox 296 2343 305 2356; x_wconf 85' lang='lat'><em>‘</em></span> <span class='ocrx_word' id='word_1_272' title='bbox 315 2339 438 2379; x_wconf 83' lang='lat' dir='ltr'>primus</span> <span class='ocrx_word' id='word_1_273' title='bbox 452 2338 570 2375; x_wconf 86' lang='lat' dir='ltr'>lictor,’</span> <span class='ocrx_word' id='word_1_274' title='bbox 582 2338 688 2368; x_wconf 81' lang='lat' dir='ltr'>which</span> <span class='ocrx_word' id='word_1_275' title='bbox 699 2337 827 2377; x_wconf 84' lang='lat' dir='ltr'>Lipsius</span> <span class='ocrx_word' id='word_1_276' title='bbox 838 2335 912 2377; x_wconf 86' lang='lat' dir='ltr'>(Op.</span> 
     </span>
     <span class='ocr_line' id='line_1_34' title="bbox 136 2380 913 2421; baseline -0.004 -10"><span class='ocrx_word' id='word_1_277' title='bbox 136 2382 199 2411; x_wconf 91' lang='lat' dir='ltr'>vol.</span> <span class='ocrx_word' id='word_1_278' title='bbox 220 2382 241 2411; x_wconf 92' lang='lat' dir='ltr'>i.</span> <span class='ocrx_word' id='word_1_279' title='bbox 265 2382 367 2412; x_wconf 83' lang='lat' dir='ltr'>Elect.</span> <span class='ocrx_word' id='word_1_280' title='bbox 388 2393 419 2421; x_wconf 87' lang='lat' dir='ltr'>p.</span> <span class='ocrx_word' id='word_1_281' title='bbox 438 2382 512 2417; x_wconf 79' lang='lat'>727,</span> <span class='ocrx_word' id='word_1_282' title='bbox 529 2382 578 2411; x_wconf 90' lang='lat' dir='ltr'>ed.</span> <span class='ocrx_word' id='word_1_283' title='bbox 596 2381 694 2420; x_wconf 83' lang='lat'>1675)</span> <span class='ocrx_word' id='word_1_284' title='bbox 712 2380 855 2419; x_wconf 78' lang='lat' dir='ltr'>explains</span> <span class='ocrx_word' id='word_1_285' title='bbox 878 2382 913 2409; x_wconf 85' lang='lat' dir='ltr'>to</span> 
     </span>
     <span class='ocr_line' id='line_1_35' title="bbox 136 2422 913 2454; baseline -0.005 0"><span class='ocrx_word' id='word_1_286' title='bbox 136 2434 231 2454; x_wconf 85' lang='lat' dir='ltr'>mean</span> <span class='ocrx_word' id='word_1_287' title='bbox 242 2425 299 2454; x_wconf 85' lang='lat' dir='ltr'>the</span> <span class='ocrx_word' id='word_1_288' title='bbox 311 2424 434 2454; x_wconf 69' lang='lat' dir='ltr'>‘lictor&#39;</span> <span class='ocrx_word' id='word_1_289' title='bbox 452 2425 523 2454; x_wconf 88' lang='lat' dir='ltr'>who</span> <span class='ocrx_word' id='word_1_290' title='bbox 533 2423 633 2453; x_wconf 84' lang='lat' dir='ltr'>walks</span> <span class='ocrx_word' id='word_1_291' title='bbox 645 2423 717 2452; x_wconf 83' lang='lat' dir='ltr'>first</span> <span class='ocrx_word' id='word_1_292' title='bbox 733 2422 797 2451; x_wconf 85' lang='lat' dir='ltr'>and</span> <span class='ocrx_word' id='word_1_293' title='bbox 813 2422 913 2451; x_wconf 83' lang='lat' dir='ltr'>clears</span> 
     </span>
     <span class='ocr_line' id='line_1_36' title="bbox 135 2464 913 2508; baseline -0.005 -11"><span class='ocrx_word' id='word_1_294' title='bbox 135 2467 194 2497; x_wconf 84' lang='lat' dir='ltr'>the</span> <span class='ocrx_word' id='word_1_295' title='bbox 210 2478 291 2508; x_wconf 83' lang='lat' dir='ltr'>way,</span> <span class='ocrx_word' id='word_1_296' title='bbox 309 2470 318 2483; x_wconf 88' lang='lat'>‘</span> <span class='ocrx_word' id='word_1_297' title='bbox 330 2467 386 2506; x_wconf 87' lang='lat' dir='ltr'>qui</span> <span class='ocrx_word' id='word_1_298' title='bbox 401 2466 592 2496; x_wconf 65' lang='lat' dir='ltr'>submovet?</span> <span class='ocrx_word' id='word_1_299' title='bbox 635 2465 734 2495; x_wconf 82' lang='lat' dir='ltr'>Halm</span> <span class='ocrx_word' id='word_1_300' title='bbox 751 2474 822 2504; x_wconf 76' lang='lat' dir='ltr'>says</span> <span class='ocrx_word' id='word_1_301' title='bbox 837 2464 913 2494; x_wconf 84' lang='lat' dir='ltr'>that</span> 
     </span>
     <span class='ocr_line' id='line_1_37' title="bbox 135 2506 913 2550; baseline -0.008 -9"><span class='ocrx_word' id='word_1_302' title='bbox 135 2510 193 2541; x_wconf 91' lang='lat' dir='ltr'>the</span> <span class='ocrx_word' id='word_1_303' title='bbox 220 2510 403 2550; x_wconf 80' lang='lat' dir='ltr'>‘proximus</span> <span class='ocrx_word' id='word_1_304' title='bbox 427 2509 542 2539; x_wconf 83' lang='lat' dir='ltr'>lictor&#39;</span> <span class='ocrx_word' id='word_1_305' title='bbox 568 2518 632 2538; x_wconf 85' lang='lat' dir='ltr'>was</span> <span class='ocrx_word' id='word_1_306' title='bbox 658 2508 692 2537; x_wconf 88' lang='lat' dir='ltr'>in</span> <span class='ocrx_word' id='word_1_307' title='bbox 718 2506 801 2537; x_wconf 86' lang='lat' dir='ltr'>rank</span> <span class='ocrx_word' id='word_1_308' title='bbox 829 2510 837 2523; x_wconf 91' lang='lat'>‘</span> <span class='ocrx_word' id='word_1_309' title='bbox 849 2506 913 2546; x_wconf 87' lang='lat' dir='ltr'>pri-</span> 
     </span>
     <span class='ocr_line' id='line_1_38' title="bbox 136 2551 692 2592; baseline -0.005 -9"><span class='ocrx_word' id='word_1_310' title='bbox 136 2564 208 2583; x_wconf 79' lang='lat' dir='ltr'>mus</span> <span class='ocrx_word' id='word_1_311' title='bbox 218 2554 238 2589; x_wconf 67' lang='grc' dir='ltr'>ς’</span> <span class='ocrx_word' id='word_1_312' title='bbox 263 2553 327 2583; x_wconf 87' lang='lat' dir='ltr'>and</span> <span class='ocrx_word' id='word_1_313' title='bbox 342 2553 417 2582; x_wconf 85' lang='lat' dir='ltr'>that</span> <span class='ocrx_word' id='word_1_314' title='bbox 433 2562 507 2592; x_wconf 80' lang='lat' dir='ltr'>may</span> <span class='ocrx_word' id='word_1_315' title='bbox 523 2551 563 2581; x_wconf 87' lang='lat' dir='ltr'>bc</span> <span class='ocrx_word' id='word_1_316' title='bbox 579 2561 612 2581; x_wconf 90' lang='grc'>50</span> <span class='ocrx_word' id='word_1_317' title='bbox 627 2553 692 2581; x_wconf 87' lang='lat' dir='ltr'>too.</span> 
     </span>
    </p>

    <p class='ocr_par' dir='ltr' id='par_1_5' title="bbox 136 2591 913 2756">
     <span class='ocr_line' id='line_1_39' title="bbox 180 2591 913 2636; baseline -0.008 -9"><span class='ocrx_word' id='word_1_318' title='bbox 180 2597 232 2627; x_wconf 84' lang='lat'>55.</span> <span class='ocrx_word' id='word_1_319' title='bbox 256 2598 396 2636; x_wconf 66' lang='lat' dir='ltr'>tyranno</span> <span class='ocrx_word' id='word_1_320' title='bbox 425 2593 602 2635; x_wconf 68' lang='lat' dir='ltr'>Dionysio]</span> <span class='ocrx_word' id='word_1_321' title='bbox 658 2593 736 2622; x_wconf 84' lang='lat' dir='ltr'>This</span> <span class='ocrx_word' id='word_1_322' title='bbox 760 2602 825 2621; x_wconf 85' lang='lat' dir='ltr'>was</span> <span class='ocrx_word' id='word_1_323' title='bbox 855 2591 913 2621; x_wconf 88' lang='lat' dir='ltr'>the</span> 
     </span>
     <span class='ocr_line' id='line_1_40' title="bbox 137 2634 912 2679; baseline -0.008 -10"><span class='ocrx_word' id='word_1_324' title='bbox 137 2640 224 2669; x_wconf 78' lang='lat' dir='ltr'>elder</span> <span class='ocrx_word' id='word_1_325' title='bbox 242 2639 425 2679; x_wconf 71' lang='lat' dir='ltr'>DionysiUS,</span> <span class='ocrx_word' id='word_1_326' title='bbox 437 2648 470 2668; x_wconf 84' lang='lat' dir='ltr'>as</span> <span class='ocrx_word' id='word_1_327' title='bbox 486 2638 527 2667; x_wconf 88' lang='lat' dir='ltr'>hc</span> <span class='ocrx_word' id='word_1_328' title='bbox 539 2638 565 2667; x_wconf 82' lang='lat' dir='ltr'>is</span> <span class='ocrx_word' id='word_1_329' title='bbox 582 2636 693 2671; x_wconf 79' lang='lat' dir='ltr'>called,</span> <span class='ocrx_word' id='word_1_330' title='bbox 706 2646 724 2665; x_wconf 84' lang='lat' dir='ltr'>a</span> <span class='ocrx_word' id='word_1_331' title='bbox 739 2634 912 2665; x_wconf 73' lang='lat' dir='ltr'>successful</span> 
     </span>
     <span class='ocr_line' id='line_1_41' title="bbox 136 2677 912 2722; baseline -0.008 -10"><span class='ocrx_word' id='word_1_332' title='bbox 136 2692 273 2722; x_wconf 74' lang='lat' dir='ltr'>usurpcr</span> <span class='ocrx_word' id='word_1_333' title='bbox 299 2682 371 2711; x_wconf 88' lang='lat' dir='ltr'>who</span> <span class='ocrx_word' id='word_1_334' title='bbox 401 2680 565 2721; x_wconf 85' lang='lat' dir='ltr'>governed</span> <span class='ocrx_word' id='word_1_335' title='bbox 595 2680 752 2720; x_wconf 81' lang='lat' dir='ltr'>Syracuse</span> <span class='ocrx_word' id='word_1_336' title='bbox 781 2677 833 2708; x_wconf 86' lang='lat' dir='ltr'>till</span> <span class='ocrx_word' id='word_1_337' title='bbox 862 2677 912 2707; x_wconf 89' lang='lat' dir='ltr'>his</span> 
     </span>
     <span class='ocr_line' id='line_1_42' title="bbox 137 2724 458 2756; baseline -0.003 -1"><span class='ocrx_word' id='word_1_338' title='bbox 137 2725 235 2755; x_wconf 80' lang='lat' dir='ltr'>death</span> <span class='ocrx_word' id='word_1_339' title='bbox 253 2725 285 2754; x_wconf 90' lang='lat' dir='ltr'>in</span> <span class='ocrx_word' id='word_1_340' title='bbox 302 2733 367 2754; x_wconf 80' lang='lat' dir='ltr'>B.C.</span> <span class='ocrx_word' id='word_1_341' title='bbox 385 2724 458 2756; x_wconf 88' lang='grc'>367.</span> 
     </span>
    </p>

    <p class='ocr_par' dir='ltr' id='par_1_6' title="bbox 136 2763 911 2892">
     <span class='ocr_line' id='line_1_43' title="bbox 180 2763 911 2807; baseline -0.007 -10"><span class='ocrx_word' id='word_1_342' title='bbox 180 2768 234 2797; x_wconf 72' lang='lat' dir='ltr'>ubi</span> <span class='ocrx_word' id='word_1_343' title='bbox 250 2768 373 2797; x_wconf 68' lang='lat' dir='ltr'>tribum*</span> <span class='ocrx_word' id='word_1_344' title='bbox 383 2767 491 2807; x_wconf 72' lang='lat' dir='ltr'>plebis</span> <span class='ocrx_word' id='word_1_345' title='bbox 507 2765 610 2806; x_wconf 72' lang='lat' dir='ltr'>sunt,]</span> <span class='ocrx_word' id='word_1_346' title='bbox 657 2764 814 2804; x_wconf 85' lang='lat' dir='ltr'>Compare</span> <span class='ocrx_word' id='word_1_347' title='bbox 830 2763 911 2793; x_wconf 88' lang='lat' dir='ltr'>with</span> 
     </span>
     <span class='ocr_line' id='line_1_44' title="bbox 136 2806 911 2850; baseline -0.005 -10"><span class='ocrx_word' id='word_1_348' title='bbox 136 2810 203 2841; x_wconf 83' lang='lat' dir='ltr'>this</span> <span class='ocrx_word' id='word_1_349' title='bbox 227 2821 245 2840; x_wconf 85' lang='lat' dir='ltr'>a</span> <span class='ocrx_word' id='word_1_350' title='bbox 267 2821 400 2850; x_wconf 81' lang='lat' dir='ltr'>passage</span> <span class='ocrx_word' id='word_1_351' title='bbox 416 2810 449 2839; x_wconf 86' lang='lat' dir='ltr'>in</span> <span class='ocrx_word' id='word_1_352' title='bbox 465 2810 522 2840; x_wconf 88' lang='lat' dir='ltr'>the</span> <span class='ocrx_word' id='word_1_353' title='bbox 540 2809 599 2849; x_wconf 88' lang='lat' dir='ltr'>Ep.</span> <span class='ocrx_word' id='word_1_354' title='bbox 615 2808 657 2838; x_wconf 89' lang='lat' dir='ltr'>ad</span> <span class='ocrx_word' id='word_1_355' title='bbox 672 2808 711 2845; x_wconf 84' lang='lat' dir='ltr'>Q.</span> <span class='ocrx_word' id='word_1_356' title='bbox 729 2807 782 2837; x_wconf 84' lang='lat' dir='ltr'>Fr.</span> <span class='ocrx_word' id='word_1_357' title='bbox 798 2806 820 2837; x_wconf 90' lang='lat' dir='ltr'>i.</span> <span class='ocrx_word' id='word_1_358' title='bbox 837 2807 866 2837; x_wconf 82' lang='lat'>1.</span> <span class='ocrx_word' id='word_1_359' title='bbox 884 2816 911 2836; x_wconf 93' lang='lat' dir='ltr'>c.</span> 
     </span>
     <span class='ocr_line' id='line_1_45' title="bbox 137 2850 768 2892; baseline -0.006 -7"><span class='ocrx_word' id='word_1_360' title='bbox 137 2853 168 2890; x_wconf 87' lang='lat'>7,</span> <span class='ocrx_word' id='word_1_361' title='bbox 186 2856 195 2869; x_wconf 92' lang='lat'>‘</span> <span class='ocrx_word' id='word_1_362' title='bbox 206 2853 299 2890; x_wconf 80' lang='lat' dir='ltr'>Quod</span> <span class='ocrx_word' id='word_1_363' title='bbox 315 2853 340 2883; x_wconf 90' lang='lat' dir='ltr'>si</span> <span class='ocrx_word' id='word_1_364' title='bbox 356 2853 434 2884; x_wconf 84' lang='lat' dir='ltr'>haec</span> <span class='ocrx_word' id='word_1_365' title='bbox 450 2853 566 2883; x_wconf 84' lang='lat' dir='ltr'>lenitas</span> <span class='ocrx_word' id='word_1_366' title='bbox 582 2851 697 2892; x_wconf 85' lang='lat' dir='ltr'>grata&#39;</span> <span class='ocrx_word' id='word_1_367' title='bbox 714 2850 768 2882; x_wconf 84' lang='lat' dir='ltr'>&amp;c.</span> 
     </span>
    </p>
   </div>
   <div class='ocr_carea' id='block_1_4' title="bbox 953 2334 1737 2890">
    <p class='ocr_par' dir='ltr' id='par_1_7' title="bbox 953 2334 1737 2579">
     <span class='ocr_line' id='line_1_46' title="bbox 1001 2334 1736 2376; baseline -0.001 -10"><span class='ocrx_word' id='word_1_368' title='bbox 1001 2335 1074 2376; x_wconf 45' lang='grc' dir='ltr'>δέῃ]</span> <span class='ocrx_word' id='word_1_369' title='bbox 1122 2335 1190 2365; x_wconf 89' lang='lat' dir='ltr'>The</span> <span class='ocrx_word' id='word_1_370' title='bbox 1206 2334 1296 2365; x_wconf 87' lang='lat' dir='ltr'>codd.</span> <span class='ocrx_word' id='word_1_371' title='bbox 1313 2335 1395 2365; x_wconf 86' lang='lat' dir='ltr'>have</span> <span class='ocrx_word' id='word_1_372' title='bbox 1412 2338 1421 2351; x_wconf 53' lang='grc' dir='ltr'><strong><em>ἴ</em></strong></span> <span class='ocrx_word' id='word_1_373' title='bbox 1432 2334 1496 2371; x_wconf 83' lang='lat' dir='ltr'>sit,&#39;</span> <span class='ocrx_word' id='word_1_374' title='bbox 1512 2334 1619 2365; x_wconf 87' lang='lat' dir='ltr'>which</span> <span class='ocrx_word' id='word_1_375' title='bbox 1636 2334 1736 2365; x_wconf 84' lang='lat' dir='ltr'>Halm</span> 
     </span>
     <span class='ocr_line' id='line_1_47' title="bbox 957 2377 1736 2418; baseline 0.001 -10"><span class='ocrx_word' id='word_1_376' title='bbox 957 2379 1015 2408; x_wconf 86' lang='lat' dir='ltr'>has</span> <span class='ocrx_word' id='word_1_377' title='bbox 1031 2378 1179 2418; x_wconf 80' lang='lat' dir='ltr'>changed</span> <span class='ocrx_word' id='word_1_378' title='bbox 1194 2380 1229 2407; x_wconf 86' lang='lat' dir='ltr'>to</span> <span class='ocrx_word' id='word_1_379' title='bbox 1246 2378 1335 2408; x_wconf 82' lang='lat' dir='ltr'>‘est.’</span> <span class='ocrx_word' id='word_1_380' title='bbox 1381 2377 1501 2408; x_wconf 84' lang='lat' dir='ltr'>Iordan</span> <span class='ocrx_word' id='word_1_381' title='bbox 1518 2388 1589 2418; x_wconf 67' lang='lat' dir='ltr'>says</span> <span class='ocrx_word' id='word_1_382' title='bbox 1609 2378 1685 2409; x_wconf 86' lang='lat' dir='ltr'>that</span> <span class='ocrx_word' id='word_1_383' title='bbox 1708 2379 1736 2409; x_wconf 90' lang='lat' dir='ltr'>it</span> 
     </span>
     <span class='ocr_line' id='line_1_48' title="bbox 958 2420 1736 2460; baseline 0.003 -10"><span class='ocrx_word' id='word_1_384' title='bbox 958 2421 984 2451; x_wconf 88' lang='lat' dir='ltr'>is</span> <span class='ocrx_word' id='word_1_385' title='bbox 1011 2431 1030 2450; x_wconf 80' lang='lat' dir='ltr'>a</span> <span class='ocrx_word' id='word_1_386' title='bbox 1055 2420 1256 2460; x_wconf 75' lang='lat' dir='ltr'>‘1)robabiliS,</span> <span class='ocrx_word' id='word_1_387' title='bbox 1284 2420 1340 2450; x_wconf 84' lang='lat' dir='ltr'>sed</span> <span class='ocrx_word' id='word_1_388' title='bbox 1368 2431 1433 2450; x_wconf 86' lang='lat' dir='ltr'>non</span> <span class='ocrx_word' id='word_1_389' title='bbox 1457 2421 1635 2451; x_wconf 82' lang='lat' dir='ltr'>necessaria</span> <span class='ocrx_word' id='word_1_390' title='bbox 1662 2432 1736 2452; x_wconf 89' lang='lat' dir='ltr'>con-</span> 
     </span>
     <span class='ocr_line' id='line_1_49' title="bbox 953 2463 1736 2504; baseline 0.004 -12"><span class='ocrx_word' id='word_1_391' title='bbox 953 2463 1105 2503; x_wconf 58' lang='lat' dir='ltr'>jectura?</span> <span class='ocrx_word' id='word_1_392' title='bbox 1151 2463 1168 2493; x_wconf 94' lang='lat' dir='ltr'>I</span> <span class='ocrx_word' id='word_1_393' title='bbox 1185 2463 1225 2493; x_wconf 94' lang='lat' dir='ltr'>do</span> <span class='ocrx_word' id='word_1_394' title='bbox 1237 2466 1295 2493; x_wconf 88' lang='lat' dir='ltr'>not</span> <span class='ocrx_word' id='word_1_395' title='bbox 1310 2463 1407 2493; x_wconf 83' lang='lat' dir='ltr'>think</span> <span class='ocrx_word' id='word_1_396' title='bbox 1425 2464 1500 2494; x_wconf 83' lang='lat' dir='ltr'>that</span> <span class='ocrx_word' id='word_1_397' title='bbox 1516 2464 1543 2494; x_wconf 92' lang='lat' dir='ltr'>it</span> <span class='ocrx_word' id='word_1_398' title='bbox 1560 2464 1585 2493; x_wconf 84' lang='lat' dir='ltr'>is</span> <span class='ocrx_word' id='word_1_399' title='bbox 1602 2465 1736 2504; x_wconf 87' lang='lat' dir='ltr'>‘proba-</span> 
     </span>
     <span class='ocr_line' id='line_1_50' title="bbox 958 2506 1737 2546; baseline 0.003 -11"><span class='ocrx_word' id='word_1_400' title='bbox 958 2506 1052 2542; x_wconf 84' lang='lat' dir='ltr'>bilis,&#39;</span> <span class='ocrx_word' id='word_1_401' title='bbox 1069 2506 1098 2536; x_wconf 81' lang='lat' dir='ltr'>if</span> <span class='ocrx_word' id='word_1_402' title='bbox 1112 2506 1152 2536; x_wconf 90' lang='lat' dir='ltr'>he</span> <span class='ocrx_word' id='word_1_403' title='bbox 1168 2516 1239 2536; x_wconf 82' lang='lat' dir='ltr'>uses</span> <span class='ocrx_word' id='word_1_404' title='bbox 1256 2506 1450 2546; x_wconf 86' lang='lat' dir='ltr'>‘probabilis</span> <span class='ocrx_word' id='word_1_405' title='bbox 1461 2506 1470 2519; x_wconf 91' lang='lat'>&#39;</span> <span class='ocrx_word' id='word_1_406' title='bbox 1485 2507 1520 2537; x_wconf 89' lang='lat' dir='ltr'>in</span> <span class='ocrx_word' id='word_1_407' title='bbox 1535 2507 1592 2537; x_wconf 90' lang='lat' dir='ltr'>the</span> <span class='ocrx_word' id='word_1_408' title='bbox 1608 2507 1737 2538; x_wconf 82' lang='lat' dir='ltr'>Roman</span> 
     </span>
     <span class='ocr_line' id='line_1_51' title="bbox 958 2559 1057 2579; baseline 0 -1"><span class='ocrx_word' id='word_1_409' title='bbox 958 2559 1057 2579; x_wconf 87' lang='lat' dir='ltr'>sense.</span> 
     </span>
    </p>

    <p class='ocr_par' dir='ltr' id='par_1_8' title="bbox 955 2591 1736 2804">
     <span class='ocr_line' id='line_1_52' title="bbox 991 2591 1736 2633; baseline 0.003 -12"><span class='ocrx_word' id='word_1_410' title='bbox 991 2592 1126 2633; x_wconf 70' lang='lat' dir='ltr'>judieii,</span> <span class='ocrx_word' id='word_1_411' title='bbox 1144 2615 1151 2622; x_wconf 88' lang='lat'>.</span> <span class='ocrx_word' id='word_1_412' title='bbox 1169 2615 1176 2622; x_wconf 95' lang='lat'>.</span> <span class='ocrx_word' id='word_1_413' title='bbox 1193 2592 1279 2622; x_wconf 65' lang='lat' dir='ltr'>venit</span> <span class='ocrx_word' id='word_1_414' title='bbox 1294 2592 1329 2622; x_wconf 76' lang='lat' dir='ltr'>in</span> <span class='ocrx_word' id='word_1_415' title='bbox 1344 2594 1479 2622; x_wconf 75' lang='lat' dir='ltr'>mentem</span> <span class='ocrx_word' id='word_1_416' title='bbox 1491 2591 1520 2632; x_wconf 60' lang='grc' dir='ltr'>ἲ]</span> <span class='ocrx_word' id='word_1_417' title='bbox 1551 2592 1609 2622; x_wconf 85' lang='lat' dir='ltr'>See</span> <span class='ocrx_word' id='word_1_418' title='bbox 1624 2592 1736 2623; x_wconf 89' lang='lat' dir='ltr'>Divin.</span> 
     </span>
     <span class='ocr_line' id='line_1_53' title="bbox 957 2635 1734 2675; baseline 0.003 -11"><span class='ocrx_word' id='word_1_419' title='bbox 957 2644 984 2664; x_wconf 90' lang='lat' dir='ltr'>c.</span> <span class='ocrx_word' id='word_1_420' title='bbox 1003 2636 1109 2665; x_wconf 80' lang='lat'>13.—‘</span> <span class='ocrx_word' id='word_1_421' title='bbox 1122 2636 1280 2665; x_wconf 82' lang='lat' dir='ltr'>contionis</span> <span class='ocrx_word' id='word_1_422' title='bbox 1292 2635 1312 2664; x_wconf 71' lang='grc' dir='ltr'>τ’</span> <span class='ocrx_word' id='word_1_423' title='bbox 1336 2646 1355 2665; x_wconf 89' lang='lat' dir='ltr'>a</span> <span class='ocrx_word' id='word_1_424' title='bbox 1377 2635 1485 2675; x_wconf 88' lang='lat' dir='ltr'>public</span> <span class='ocrx_word' id='word_1_425' title='bbox 1509 2635 1664 2675; x_wconf 83' lang='lat' dir='ltr'>mecting,</span> <span class='ocrx_word' id='word_1_426' title='bbox 1681 2636 1734 2666; x_wconf 90' lang='lat' dir='ltr'>be-</span> 
     </span>
     <span class='ocr_line' id='line_1_54' title="bbox 956 2677 1735 2718; baseline 0.003 -11"><span class='ocrx_word' id='word_1_427' title='bbox 956 2677 1024 2708; x_wconf 84' lang='lat' dir='ltr'>fore</span> <span class='ocrx_word' id='word_1_428' title='bbox 1043 2678 1149 2708; x_wconf 80' lang='lat' dir='ltr'>which</span> <span class='ocrx_word' id='word_1_429' title='bbox 1169 2678 1226 2708; x_wconf 81' lang='lat' dir='ltr'>the</span> <span class='ocrx_word' id='word_1_430' title='bbox 1242 2678 1379 2708; x_wconf 86' lang='lat' dir='ltr'>Tribuni</span> <span class='ocrx_word' id='word_1_431' title='bbox 1402 2678 1444 2718; x_wconf 90' lang='lat' dir='ltr'>pl.</span> <span class='ocrx_word' id='word_1_432' title='bbox 1462 2678 1556 2708; x_wconf 88' lang='lat' dir='ltr'>could</span> <span class='ocrx_word' id='word_1_433' title='bbox 1575 2678 1692 2718; x_wconf 82' lang='lat' dir='ltr'>charge</span> <span class='ocrx_word' id='word_1_434' title='bbox 1716 2689 1735 2709; x_wconf 86' lang='lat' dir='ltr'>a</span> 
     </span>
     <span class='ocr_line' id='line_1_55' title="bbox 955 2721 1735 2760; baseline 0.004 -11"><span class='ocrx_word' id='word_1_435' title='bbox 955 2721 1148 2760; x_wconf 79' lang='lat' dir='ltr'>magistrate</span> <span class='ocrx_word' id='word_1_436' title='bbox 1178 2722 1263 2752; x_wconf 84' lang='lat' dir='ltr'>after</span> <span class='ocrx_word' id='word_1_437' title='bbox 1293 2721 1343 2751; x_wconf 87' lang='lat' dir='ltr'>his</span> <span class='ocrx_word' id='word_1_438' title='bbox 1373 2723 1458 2751; x_wconf 89' lang='lat' dir='ltr'>term</span> <span class='ocrx_word' id='word_1_439' title='bbox 1489 2721 1526 2751; x_wconf 88' lang='lat' dir='ltr'>of</span> <span class='ocrx_word' id='word_1_440' title='bbox 1551 2721 1640 2751; x_wconf 90' lang='lat' dir='ltr'>office</span> <span class='ocrx_word' id='word_1_441' title='bbox 1670 2721 1735 2752; x_wconf 83' lang='lat' dir='ltr'>had</span> 
     </span>
     <span class='ocr_line' id='line_1_56' title="bbox 956 2764 1097 2804; baseline 0 -11"><span class='ocrx_word' id='word_1_442' title='bbox 956 2764 1097 2804; x_wconf 81' lang='lat' dir='ltr'>expired.</span> 
     </span>
    </p>

    <p class='ocr_par' dir='ltr' id='par_1_9' title="bbox 957 2806 1734 2890">
     <span class='ocr_line' id='line_1_57' title="bbox 999 2806 1734 2847; baseline 0.001 -11"><span class='ocrx_word' id='word_1_443' title='bbox 999 2818 1066 2836; x_wconf 72' lang='lat' dir='ltr'>esse</span> <span class='ocrx_word' id='word_1_444' title='bbox 1096 2807 1220 2837; x_wconf 72' lang='lat' dir='ltr'>duxisti</span> <span class='ocrx_word' id='word_1_445' title='bbox 1235 2806 1264 2847; x_wconf 65' lang='grc' dir='ltr'>ἲ]</span> <span class='ocrx_word' id='word_1_446' title='bbox 1298 2806 1328 2836; x_wconf 90' lang='lat' dir='ltr'><strong>R</strong></span> <span class='ocrx_word' id='word_1_447' title='bbox 1340 2808 1359 2837; x_wconf 87' lang='grc'><strong>3</strong></span> <span class='ocrx_word' id='word_1_448' title='bbox 1392 2812 1424 2843; x_wconf 84' lang='grc' dir='ltr'>λ,</span> <span class='ocrx_word' id='word_1_449' title='bbox 1457 2809 1466 2823; x_wconf 86' lang='lat'>‘</span> <span class='ocrx_word' id='word_1_450' title='bbox 1477 2806 1602 2846; x_wconf 86' lang='lat' dir='ltr'>putasti</span> <span class='ocrx_word' id='word_1_451' title='bbox 1615 2806 1624 2819; x_wconf 93' lang='lat'>&#39;</span> <span class='ocrx_word' id='word_1_452' title='bbox 1649 2806 1734 2837; x_wconf 87' lang='lat' dir='ltr'>dett.</span> 
     </span>
     <span class='ocr_line' id='line_1_58' title="bbox 957 2848 1733 2890; baseline 0 -11"><span class='ocrx_word' id='word_1_453' title='bbox 957 2848 1057 2880; x_wconf 83' lang='lat' dir='ltr'>Orelli</span> <span class='ocrx_word' id='word_1_454' title='bbox 1072 2850 1220 2881; x_wconf 84' lang='lat' dir='ltr'>observes</span> <span class='ocrx_word' id='word_1_455' title='bbox 1242 2850 1318 2881; x_wconf 84' lang='lat' dir='ltr'>that</span> <span class='ocrx_word' id='word_1_456' title='bbox 1340 2849 1398 2881; x_wconf 89' lang='lat' dir='ltr'>the</span> <span class='ocrx_word' id='word_1_457' title='bbox 1417 2849 1542 2890; x_wconf 82' lang='lat' dir='ltr'>change</span> <span class='ocrx_word' id='word_1_458' title='bbox 1562 2849 1633 2880; x_wconf 88' lang='lat' dir='ltr'>into</span> <span class='ocrx_word' id='word_1_459' title='bbox 1657 2852 1733 2889; x_wconf 86' lang='lat' dir='ltr'>‘pu-</span> 
     </span>
    </p>
   </div>
  </div>
 </body>
</html>
