1849 3167
543 117 669 160 AOT.
700 117 765 160 ΙΙ.
795 117 983 163 LIBER
1011 117 1279 162 TERTIUS.
1626 119 1710 161 393

114 231 297 274 Romam
315 231 518 274 missurus
539 248 582 275 es
595 233 616 274 P
655 232 876 289 Improbas
896 232 1162 283 Halesinum,
1185 233 1520 285 Thermitanum,
1545 234 1708 290 Cepha-

113 298 386 348 loeditanum,
408 298 760 349 Amestratinum,
792 299 1144 355 Tyndaritanum‚
1175 299 1444 350 Herbitense,
1476 301 1709 343 multarum

112 369 330 419 praeterea
360 364 594 406 civitatum.
663 364 777 411 Quid
807 365 960 406 accidit
988 365 1163 406 tandem
1192 370 1240 406 ut
1270 366 1422 407 horum
1457 367 1709 422 populorum

113 430 209 486 agri
229 430 492 471 frumentum
521 430 728 486 ejusmodi
757 435 799 472 te
828 436 1022 486 praetore
1041 430 1215 481 ferrent,
1237 436 1286 472 ut
1315 446 1452 487 neque
1472 432 1552 473 tibi
1571 448 1708 489 neque

110 496 267 550 populo
297 496 489 537 Romano
519 502 657 552 posset
686 496 868 552 probari,
890 496 1141 552 praesertim
1167 512 1299 553 quum
1329 512 1383 538 ex
1411 497 1563 539 iisdem
1592 498 1708 554 agris

111 561 300 617 ejusdem
315 562 418 603 anni
432 562 696 603 frumentum
711 578 764 604 ex
779 562 965 603 decumis
978 562 1159 604 Romam
1174 562 1389 618 mancipes
1405 563 1673 605 advexissent
1688 564 1708 605 Ρ

111 627 215 682 quid
235 627 444 669 acciderat
464 633 512 668 ut
532 643 585 669 ex
601 628 747 669 eodem
766 628 917 669 horreo
938 628 1220 670 decumanum
1239 629 1501 684 probaretur,
1517 634 1708 685 emptum

109 693 453 748 improbaretur?
488 694 732 735 Dubiumne
753 699 816 735 est
837 694 942 750 quin
962 693 1044 736 ista
1064 695 1200 736 omnis
1221 695 1473 750 improbatio
1495 697 1708 751 cogendae

108 759 312 814 pecuniae
342 775 465 801 causa
493 766 595 801 nata
625 760 713 801 sit?
772 760 901 801 Esto:
937 759 1151 815 improbas
1181 760 1463 812 Halesinum3
1495 762 1624 804 habes
1654 763 1707 804 ab

109 824 191 866 alio
220 825 375 880 populo
405 826 518 881 quod
546 826 719 880 probes:
757 841 847 867 eme
877 825 987 866 iHud
1016 827 1129 881 quod
1157 826 1322 882 placet3
1363 826 1510 869 missos
1540 828 1607 869 fac
1638 844 1707 870 eos

108 905 289 946 quorum
318 891 580 933 frumentum
608 891 870 947 improbasti.
931 891 1012 933 Sed
1041 893 1092 934 ab
1120 892 1187 934 his
1215 908 1318 948 quos
1343 893 1539 948 repudias
1569 894 1708 950 exigis

107 960 278 998 tantum
307 957 510 1012 pecuniae
545 962 754 1012 quantum
786 957 840 998 ad
872 973 969 998 eum
999 972 1227 999 numerum
1261 958 1470 1000 frumenti
1509 960 1612 1002 satis
1652 960 1707 1002 sit

107 1037 234 1077 quem
263 1023 303 1064 ei
331 1022 497 1064 civitati
525 1022 708 1078 imperas
737 1023 975 1064 emendum.
1041 1022 1254 1078 [Dubium
1289 1028 1351 1065 est
1389 1024 1494 1080 quid
1529 1025 1702 1082 egeris]

107 1087 164 1128 In
191 1088 406 1130 medimna
436 1088 606 1144 singula
635 1088 758 1130 video
789 1103 842 1129 ex
871 1088 1007 1130 literis
1043 1089 1226 1144 publicis
1263 1089 1344 1131 tibi
1374 1090 1600 1132 Halesinos
1630 1092 1708 1133 HS

107 1154 257 1210 quinos
297 1155 424 1196 denos
463 1154 637 1195 dedisse.
719 1154 951 1196 Ostendam
990 1169 1043 1195 ex
1088 1154 1244 1196 tabulis
1284 1155 1708 1211 locupletissimorum

106 1225 322 1261 aratorum
337 1221 485 1261 eodem
504 1228 693 1276 tempore
713 1220 929 1262 neminem
948 1219 995 1261 in
1008 1219 1153 1261 Sicilia
1172 1220 1307 1276 pluris
1327 1221 1590 1265 frumentum
1605 1239 1706 1265 ven·

106 1285 274 1327 didisse.

163 1352 344 1394 LXXV.
379 1351 497 1398 Quae
524 1356 586 1393 est
613 1367 715 1407 ergo
741 1351 824 1393 ista
850 1351 972 1402 ratio,
996 1357 1070 1393 aut
1096 1367 1204 1407 quae
1230 1351 1371 1408 potius
1398 1352 1480 1395 ista
1507 1355 1706 1406 amentia,

104 1418 369 1460 frumentum
397 1417 636 1473 improbare
666 1417 713 1459 id
742 1418 855 1473 quod
885 1433 939 1459 ex
968 1433 1016 1459 eo
1046 1417 1137 1459 loco
1168 1418 1235 1468 sit,
1268 1434 1322 1460 ex
1351 1434 1434 1474 quo
1465 1425 1635 1463 senatus
1665 1427 1709 1463 et

104 1485 284 1540 populus
304 1484 522 1525 Romanus
543 1483 627 1525 emi
646 1483 842 1533 voluerit,
866 1488 908 1525 et
939 1499 993 1527 ex
1014 1499 1062 1525 eo
1090 1499 1237 1526 acervo
1268 1500 1321 1526 ex
1351 1500 1434 1540 quo
1464 1492 1630 1541 partem
1660 1492 1708 1528 tu

104 1550 218 1592 idem
238 1551 511 1592 decumarum
531 1549 702 1591 nomine
722 1549 939 1604 probaris3
971 1550 1124 1591 deinde
1155 1566 1179 1592 a
1209 1550 1454 1593 civitatibus
1483 1553 1708 1607 pecuniam

105 1617 159 1658 ad
179 1617 405 1658 emendum
420 1615 683 1657 frumentum
699 1631 862 1671 cogere,
877 1631 1008 1671 quum
1025 1631 1078 1657 ex
1095 1616 1257 1658 aerario
1275 1618 1484 1672 acceperis
1498 1618 1518 1659 i>
1549 1618 1708 1660 Utrum

105 1681 220 1723 enim
239 1688 282 1722 te
301 1681 370 1722 lex
384 1681 583 1722 Terentia
599 1680 839 1722 Siculorum
858 1681 1038 1736 pecunia
1051 1681 1314 1723 frumentum
1327 1698 1464 1724 emere
1485 1699 1539 1724 an
1559 1684 1707 1739 populi

104 1747 291 1789 Romani
319 1746 499 1802 pecunia
519 1746 782 1788 frumentum
812 1762 837 1788 a
857 1746 1010 1788 Siculis
1031 1762 1169 1788 emere
1195 1748 1356 1803 jussit?
1415 1748 1513 1789 Jam
1534 1764 1633 1791 vero
1654 1751 1706 1791 ab

104 1814 186 1855 isto
207 1828 376 1854 omnem
395 1812 515 1853 issam
536 1827 589 1853 ex
609 1812 771 1853 aerario
791 1812 1015 1867 pecuniam
1029 1828 1158 1868 quam
1178 1813 1244 1854 his
1261 1814 1448 1869 oportuit
1462 1814 1706 1857 civitatibus

104 1895 182 1936 pro
203 1878 416 1920 frumento
436 1878 529 1919 dari
558 1878 667 1919 lucri
687 1878 846 1919 factam
865 1878 1032 1919 videtis.
1093 1878 1267 1934 Accipis
1298 1880 1413 1920 enim
1443 1879 1519 1921 HS
1548 1894 1609 1921 xv
1629 1896 1706 1936 pro

104 1946 344 1995 medimno3
386 1944 497 1986 tanti
533 1944 646 1985 enim
679 1949 742 1985 est
777 1943 852 1985 illo
884 1949 1074 1999 tompore
1105 1945 1396 1986 medimnum:
1438 1946 1594 1988 retines
1630 1947 1706 1988 HS

104 2025 212 2061 XX13
254 2009 365 2052 tanti
397 2009 512 2051 enim
545 2014 607 2050 est
641 2008 904 2050 frumentum
939 2009 1157 2050 Siciliense
1193 2025 1246 2051 ex
1286 2010 1380 2065 lego
1421 2011 1703 2054 aestimatum.

107 2077 222 2124 Quid
253 2076 431 2117 interest
465 2080 611 2116 utrum
641 2074 720 2116 hoc
754 2074 902 2115 feceris
935 2089 989 2116 an
1022 2074 1284 2116 frumentum
1323 2074 1585 2132 [Siciliense]
1619 2093 1705 2119 non

103 2141 366 2198 improbaris,
399 2141 472 2182 sed
503 2141 716 2182 frumento
748 2141 923 2196 probato
957 2146 999 2182 et
1032 2146 1203 2196 accepto
1231 2142 1457 2196 pecuniam
1490 2143 1705 2198 publicam

103 2207 290 2250 tenueris
321 2222 489 2249 omnem
520 2222 656 2262 nequo
688 2207 921 2262 quidquam
960 2206 1040 2248 ulli
1080 2206 1320 2249 dissolveris
1356 2208 1534 2260 civitati,
1572 2225 1706 2266 quum

928 2313 1055 2354 though
1073 2314 1105 2344 in
1122 2314 1178 2345 the
1195 2315 1404 2346 enunciation
1421 2315 1447 2346 it
1464 2326 1538 2357 may
1555 2316 1595 2347 be
1610 2318 1705 2348 made

927 2368 1004 2398 very
1039 2358 1148 2399 nearly
1184 2368 1228 2388 so.
1292 2359 1322 2389 lt
1361 2359 1386 2389 is
1425 2359 1534 2390 better
1564 2361 1705 2392 without

927 2401 984 2431 the
1009 2401 1039 2431 P.
1097 2401 1158 2441 Lg.
1182 2403 1223 2432 42
1247 2402 1272 2432 F
1297 2402 1325 2433 V
1349 2403 1430 2433 omit
1460 2407 1468 2420 ‘
1485 2403 1625 2434 Dubium
1645 2428 1652 2435 .
1670 2429 1677 2435 .
1696 2428 1704 2435 .

138 2316 284 2356 ferrent,
299 2317 336 2345 ut
352 2314 468 2356 neque]
503 2319 512 2332 ‘
523 2315 671 2351 Ferreut,
689 2314 774 2355 quod
790 2324 883 2344 nnm-

107 2369 204 2400 quam
226 2361 333 2395 antea,
351 2359 436 2399 quod
459 2369 561 2398 neque
578 2359 661 2394 tibi,'
685 2358 752 2394 &Q
777 2358 802 2387 is
826 2358 883 2388 tho

106 2402 244 2441 reading
259 2402 295 2432 of
317 2402 415 2432 Klotz
431 2402 495 2432 and
514 2402 641 2432 Iordan.
687 2401 755 2431 'rho
779 2401 883 2431 words

107 2449 116 2463 ‘
127 2445 212 2486 quod
222 2455 398 2485 numquam
410 2445 521 2475 antea'
532 2445 603 2475 look
615 2445 679 2475 like
689 2455 730 2474 an
742 2445 883 2484 interpo-

107 2488 220 2525 lation,
238 2488 301 2518 and
318 2488 396 2529 they
412 2499 466 2519 are
483 2491 540 2519 not
557 2489 589 2518 in
608 2488 668 2527 Lg.
685 2490 737 2523 42,
755 2488 882 2525 though

107 2532 187 2573 they
212 2542 266 2562 are
292 2531 326 2561 in
351 2531 391 2568 V,
417 2531 481 2562 and
506 2532 539 2562 in
566 2532 622 2562 the
649 2531 744 2562 other
775 2531 881 2567 MSS„

108 2576 125 2606 1
141 2585 286 2615 suppose.

151 2619 236 2648 Eslo
251 2631 259 2647 :
298 2617 481 2658 improbas]
544 2618 663 2658 Zumpt
701 2618 757 2648 has
796 2621 805 2634 ‘
824 2618 883 2648 im-

107 2661 240 2702 probes’
259 2661 340 2691 from
360 2661 419 2701 Lg.
445 2663 497 2696 42,
525 2672 542 2691 a
568 2661 703 2701 reading:
728 2661 832 2691 which
857 2661 883 2691 is

107 2705 266 2745 certainly
283 2707 339 2734 not
356 2715 390 2733 so
406 2704 489 2744 good
505 2715 538 2735 as
554 2705 610 2734 the
627 2715 773 2735 common
789 2705 880 2735 read-

106 2749 174 2789 ing,
193 2752 201 2765 ‘
213 2747 396 2788 improbas?
413 2748 518 2778 which
536 2748 565 2777 V
581 2748 646 2777 also
662 2748 729 2778 hus.

153 2791 313 2833 [Dubium
329 2793 377 2821 est
393 2790 491 2833 .5·c·]]
533 2791 631 2821 Klotz
647 2791 752 2831 places
769 2802 787 2822 a
803 2794 880 2823 note

107 2835 144 2867 of
161 2834 398 2875 interrogation
421 2835 506 2865 after
529 2834 673 2875 ‘egerisss
720 2835 787 2866 But
807 2835 834 2866 it
855 2835 881 2865 is

107 2880 166 2910 not
196 2888 237 2909 un
268 2878 504 2918 interrogative
534 2881 685 2909 sentence
714 2878 748 2909 in
786 2877 880 2916 form,

929 2445 1055 2485 egeris!

971 2488 1023 2520 75.
1058 2499 1142 2529 quae
1168 2489 1281 2529 polius·
1313 2490 1378 2519 ista
1410 2490 1485 2531 Se]
1547 2491 1577 2520 V
1606 2492 1704 2522 omit<

929 2531 1090 2562 ‘istu.’—‘
1105 2532 1225 2563 Utrum
1253 2533 1338 2563 enim
1370 2534 1422 2564 te’
1452 2534 1480 2563 V
1506 2541 1540 2571 φ,
1569 2539 1702 2565 ‘utrum

927 2575 1033 2605 enim'
1065 2575 1125 2615 Ing.
1154 2578 1205 2611 42,
1234 2580 1367 2607 ‘utrum
1390 2577 1443 2607 te'
1471 2577 1539 2607 rell.
1565 2577 1621 2608 Or.
1672 2579 1703 2609 lt

926 2618 1034 2657 might
1060 2619 1100 2649 be
1124 2620 1247 2659 argued
1275 2620 1349 2651 that
1377 2621 1433 2651 the
1459 2621 1523 2651 Lex
1550 2621 1703 2653 Terentia

926 2662 982 2692 did
998 2664 1055 2693 not
1071 2673 1230 2703 empower
1247 2663 1363 2693 Verres
1380 2667 1414 2694 to
1430 2664 1524 2694 make
1548 2665 1605 2695 the
1629 2676 1702 2705 par-

925 2705 1043 2736 ticular
1066 2707 1233 2746 purchase.
1276 2707 1343 2737 The
1367 2710 1477 2738 senate
1493 2719 1575 2747 gave
1591 2709 1702 2738 orders

924 2749 974 2779 for
989 2749 1046 2780 the
1062 2750 1238 2790 particular
1259 2750 1441 2790 purchases,
1458 2751 1522 2781 and
1541 2755 1702 2792 pnrsuunt

923 2794 960 2823 to
973 2793 1032 2824 the
1047 2793 1177 2833 general
1194 2796 1294 2824 ternis
1310 2794 1347 2823 os
1358 2794 1414 2825 the
1432 2794 1508 2825 Lex.

967 2837 1103 2877 Accipis
1118 2837 1201 2868 enim
1219 2837 1277 2867 Hs
1293 2836 1352 2879 xv]
1399 2838 1458 2869 See
1474 2849 1501 2869 c.
1518 2838 1570 2871 70.
