1849 3167
510 117 644 175 AOT..
670 117 734 159 Π.
765 116 953 158 LIBER
985 116 1278 163 QUARTUS.
1610 116 1696 158 487

94 234 164 272 tus
198 229 356 272 delevit
391 245 439 272 ac
473 230 678 273 sustulit?
749 230 957 277 Quisnam
990 229 1139 285 igitur,
1175 246 1251 286 per
1285 230 1383 271 deos
1417 229 1690 280 immortales,

94 295 283 337 tuebitur
313 297 361 337 P.
386 295 595 352 Scipionis
624 297 874 339 memoriam
904 296 1096 338 mortui?
1127 297 1222 351 quis
1253 300 1529 337 monumenta
1564 299 1691 350 atque

93 361 252 402 indicia
273 361 457 411 virtutis,
481 362 516 403 si
537 367 585 403 tu
605 377 654 404 ea
675 362 888 418 relinques
909 367 983 403 aut
1004 362 1169 403 deseres
1187 362 1206 403 Ρ
1237 376 1314 402 nec
1345 360 1480 401 solum
1510 359 1690 414 spoliata

93 426 170 467 illa
190 427 376 481 patieris,
400 428 473 469 sed
493 428 621 468 etiam
643 443 787 469 eorum
808 427 1078 483 spoliatorem
1098 431 1426 481 vexatoremque
1454 425 1652 466 defendes
1669 425 1689 466 P

92 492 266 533 Adsunt
287 493 522 548 Segestani,
546 494 721 535 clientes
742 493 819 543 tui,
852 493 953 535 socii
984 493 1132 548 populi
1164 492 1349 534 Romani
1377 496 1503 546 atque
1536 490 1686 531 amici:

93 557 315 598 certiorem
336 563 378 599 te
399 558 562 599 faciunt
592 558 640 600 P.
664 559 917 600 Africanum
947 558 1219 613 Karthagine
1246 557 1385 598 deleta
1416 555 1690 597 simulacrum

92 622 258 664 Dianae
288 624 518 680 majoribus
549 625 634 666 suis
661 625 905 674 restituisse,
928 624 1056 679 idque
1077 624 1191 679 apud
1211 623 1464 679 Segestanos
1494 621 1584 677 ejus
1608 620 1687 661 im—

91 688 298 743 peratoris
318 689 490 730 nomine
509 690 695 744 positum
715 706 763 731 ac
783 690 1026 731 dedicatum
1054 689 1180 730 fuisse
1196 705 1205 739 ;
1237 689 1316 730 hoc
1337 688 1518 729 Verrem
1549 686 1690 727 deino-

90 754 283 795 liendum
304 760 345 795 et
367 756 667 810 asportandum
689 771 927 811 nomenque
958 755 1130 796 omnino
1151 755 1199 796 P.
1224 754 1432 809 Scipionis
1463 753 1690 795 delendum

92 819 411 875 tollendumque
432 836 621 863 curasse:
653 826 777 863 orant
798 826 840 862 te
862 826 989 876 atque
1010 820 1231 862 obsecrant
1251 824 1300 860 ut
1320 819 1401 861 sibi
1422 818 1688 874 religionem,

93 885 241 940 generi
261 890 334 926 tuo
355 886 525 927 laudem
547 886 812 942 gloriamque
832 887 1043 936 restituas,
1066 891 1114 926 ut
1135 885 1249 940 quod
1267 900 1342 940 per
1363 884 1412 925 P.
1435 883 1691 924 Africanum

91 966 145 991 ex
166 952 270 992 urbe
290 951 477 993 hostium
498 952 788 1008 recuperarint
809 952 855 992 id
874 967 950 1007 per
969 957 1012 992 te
1033 966 1086 992 ex
1112 950 1337 1006 praedonis
1369 950 1494 991 domo
1526 963 1691 990 conser-

89 1031 190 1057 vare
211 1017 386 1071 possint.

149 1081 390 1123 XXXVII.
445 1082 560 1129 Quid
600 1087 673 1124 aut
703 1092 752 1124 tu
781 1082 849 1124 his
879 1083 1132 1137 respondere
1161 1082 1336 1123 honeste
1365 1085 1485 1136 potes
1516 1083 1589 1120 aut
1628 1077 1694 1119 illi

90 1146 229 1188 facere
249 1147 333 1189 nisi
354 1152 403 1188 ut
425 1152 465 1188 te
486 1163 534 1189 ac
555 1148 683 1189 fidem
716 1153 835 1189 tuam
866 1147 1095 1202 implorent
1113 1147 1133 1188 P
1191 1146 1364 1187 Adsunt
1386 1151 1428 1186 et
1447 1144 1691 1199 implorant.

89 1212 216 1254 Potes
237 1213 488 1254 domesticae
510 1213 647 1254 laudis
668 1213 1008 1268 amplitudinem,
1032 1212 1187 1267 Scipio,
1219 1211 1343 1261 tueri,
1375 1215 1518 1265 potes:
1551 1209 1694 1250 omnia

90 1283 190 1319 sunt
220 1278 266 1318 in
296 1282 339 1319 te
370 1293 478 1333 quae
510 1283 584 1319 aut
606 1278 778 1319 fortuna
798 1278 1043 1319 hominibus
1064 1282 1138 1318 aut
1158 1281 1312 1318 natura
1335 1275 1533 1332 larg-itur.
1594 1274 1694 1315 Non

88 1358 315 1399 praecerpo
346 1343 533 1385 fructum
562 1343 689 1385 officii
718 1344 807 1385 tui:
845 1358 931 1384 non
963 1343 1147 1384 alienam
1175 1342 1285 1383 mihi
1313 1341 1484 1382 laudem
1514 1344 1666 1395 appeto
1683 1353 1722 1383 z

89 1424 176 1450 non
197 1413 260 1450 est
280 1409 453 1464 pudoris
473 1409 558 1451 mei
579 1409 628 1450 P.
652 1409 861 1464 Scipione,
884 1408 1182 1450 florentissimo
1214 1407 1492 1457 adolescente,
1524 1405 1624 1447 vivo
1652 1409 1695 1446 et

89 1474 292 1516 incolumi
322 1490 390 1516 me
419 1479 780 1530 propugnatorem.
801 1475 849 1515 P.
874 1474 1083 1530 Scipionis
1113 1473 1460 1527 defensoremque
1489 1469 1693 1526 profiteri.

91 1539 377 1586 Quamobrem
417 1540 453 1582 si
493 1540 669 1595 suscipis
710 1539 965 1582 domesticae
995 1539 1134 1581 laudis
1166 1538 1466 1594 patrocinium,
1505 1551 1573 1577 me
1607 1550 1695 1577 non

89 1605 226 1646 solum
256 1605 380 1646 silere
411 1606 463 1646 de
493 1606 645 1647 vestris
675 1604 963 1646 monumentis
994 1604 1218 1660 oportebit,
1261 1604 1334 1645 sed
1371 1603 1502 1644 etiam
1541 1600 1694 1642 laetari

90 1669 139 1710 P.
162 1669 359 1710 Africani
388 1670 595 1726 ejusmodi
625 1670 842 1711 fortunam
874 1685 962 1711 esse
993 1670 1164 1719 mortui,
1195 1674 1244 1710 ut
1275 1669 1365 1725 ejus
1395 1668 1528 1708 honos
1558 1666 1611 1707 ab
1641 1665 1694 1706 iis

90 1734 165 1789 qui
195 1749 248 1775 ex
278 1735 424 1775 eadem
454 1734 617 1776 familia
648 1740 746 1776 sunt
777 1735 1030 1776 defendatur
1070 1750 1207 1789 neque
1242 1734 1379 1775 ullum
1409 1731 1694 1774 adventitium

91 1799 300 1841 auxilium
321 1799 574 1854 requiratur.
637 1800 713 1841 Sin
743 1800 865 1842 istius
896 1799 1084 1841 amicitia
1114 1805 1155 1841 te
1186 1799 1377 1853 impedit,
1410 1798 1445 1838 si
1474 1797 1553 1838 hoc
1581 1796 1695 1851 quod

91 1880 170 1921 ego
202 1865 276 1906 abs
296 1869 338 1906 te
359 1865 526 1920 postulo
559 1864 700 1906 minus
731 1865 785 1906 ad
814 1865 998 1905 officium
1023 1869 1145 1905 tuum
1174 1863 1387 1918 portinere
1419 1862 1692 1910 arbitrabere,

90 1931 311 1972 succedam
342 1945 420 1986 ego
451 1930 634 1972 vicarius
664 1935 738 1971 tuo
768 1930 952 1979 muneri,
982 1929 1209 1983 suscipiam
1238 1933 1380 1983 partes
1409 1942 1514 1982 quas
1535 1926 1693 1968 alienas

90 2012 178 2038 esse
199 1996 447 2038 arbitrabar.
500 1996 666 2037 Deinde
686 1996 767 2037 ista
786 1995 1003 2051 praeclara
1023 1994 1222 2036 nobilitas
1242 1993 1408 2035 desinat
1423 1992 1544 2048 queri
1560 2006 1691 2047 popu-

913 2118 977 2149 and
1001 2119 1268 2148 ‘lnoinnncntuni
1285 2114 1476 2150 obstruere?
1494 2114 1598 2144 which
1616 2124 1689 2154 nuiy

90 2120 156 2157 sit,'
173 2120 278 2151 which
301 2120 472 2151 Manutius
495 2121 655 2159 attempts
678 2121 714 2149 to
729 2118 867 2159 cxplain,

914 2172 990 2201 vcry
1008 2161 1079 2191 mu
1096 2171 1189 2190 nicun
1206 2163 1241 2190 to
1257 2159 1347 2189 huild
1364 2159 1390 2189 it
1407 2169 1461 2198 up,
1478 2157 1640 2187 surround
1664 2158 1691 2188 it

92 2164 153 2194 bnt
184 2166 242 2194 not
273 2163 515 2203 satisihctorily.
564 2163 621 2192 1(ῑί
650 2162 706 2192 CA
736 2162 795 2201 hg.
827 2164 868 2192 22)

90 2207 173 2237 have
211 2211 220 2224 ‘
232 2207 418 2237 obstruxit?
478 2206 555 2236 This
591 2206 679 2235 word
717 2205 774 2235 lius
812 2205 868 2235 thc
915 2205 994 2235 with
1011 2205 1106 2234 othei·
1123 2203 1297 2241 buildings,
1315 2213 1348 2232 as
1366 2208 1373 2218 “
1385 2205 1495 2242 portus
1505 2200 1690 2231 obstrucw'

90 2260 180 2281 sense
190 2250 227 2281 of
238 2250 391 2290 stopping
407 2260 450 2290 up
467 2261 484 2279 a
501 2260 643 2289 pussagc,
655 2260 689 2278 as
705 2260 723 2278 a
740 2248 817 2278 rond
833 2259 869 2278 or
913 2258 1024 2278 nicuus
1050 2252 1057 2264 ‘
1071 2250 1106 2278 to
1132 2246 1222 2277 build
1248 2257 1301 2286 up,
1327 2248 1400 2286 stop
1427 2255 1480 2285 up,
1505 2247 1671 2284 gutcwuys
1683 2244 1691 2256 '

91 2304 110 2324 a
125 2293 221 2329 river,
238 2294 279 2333 by
297 2304 383 2323 sonic
399 2295 565 2323 structurc
581 2303 617 2321 oi·
633 2292 791 2330 buildings,
805 2291 869 2321 and

90 2337 116 2367 is
132 2336 279 2366 followcd
302 2337 343 2376 by
360 2337 417 2366 tho
440 2335 633 2366 accusativc.
679 2335 799 2374 Zumpt
815 2335 869 2365 oh-

92 2390 198 2410 serves
214 2380 290 2410 that
306 2380 338 2409 in
356 2380 421 2410 this
437 2390 570 2419 pussugc
583 2389 629 2408 wc
646 2380 733 2408 must
750 2377 826 2408 tukc
843 2378 870 2408 it

91 2425 127 2453 to
146 2433 239 2453 incan
260 2423 316 2452 tho
335 2422 484 2460 huilding
502 2423 539 2451 os
557 2421 742 2459 sonicthing
763 2421 869 2451 which

91 2465 198 2496 would
219 2468 356 2505 prcvcnt
372 2476 388 2495 n
406 2465 503 2503 thing
520 2465 601 2494 froin
619 2464 716 2503 hcing
731 2475 815 2498 scen,
832 2475 868 2494 οι·

92 2508 198 2539 would
214 2508 363 2538 obstruet
380 2509 436 2538 thc
452 2508 612 2547 approach
630 2510 665 2537 to
681 2507 718 2537 it.
754 2507 817 2538 unt
835 2507 867 2537 in

92 2552 158 2582 this
179 2562 268 2581 scnsc
285 2551 324 2581 hc
342 2551 367 2580 is
384 2551 523 2580 inclincd
543 2554 578 2581 to
595 2550 689 2580 think
713 2550 788 2581 thnt
811 2551 867 2581 the

91 2595 169 2625 vel-l)
186 2594 292 2624 would
313 2594 440 2634 rcquirc
456 2605 475 2624 a
495 2594 615 2629 dutivc,
632 2604 665 2624 us
685 2594 716 2623 in
741 2594 797 2624 thc
813 2604 865 2624 cx-

91 2638 232 2678 prcssion
244 2637 435 2667 ‘luminibus
444 2637 744 2671 ‹›bstr11‹=1·‹·,'which
757 2647 865 2667 incuus

92 2683 127 2712 to
139 2681 229 2711 build
240 2692 283 2720 up
293 2680 478 2719 souicthing
489 2680 594 2710 which
605 2680 775 2710 iutcrtbrcs
786 2680 866 2711 with

91 2734 173 2765 your
196 2723 403 2762 ncighhour's
427 2723 538 2761 lights,
555 2734 601 2758 or,
618 2734 651 2753 us
671 2723 697 2753 it
718 2723 744 2753 is
759 2723 866 2753 othcr-

93 2767 167 2797 wiso
192 2766 370 2806 cxprcsscd,
397 2766 592 2796 ‘huninihus
612 2766 756 2796 olliccrc'
777 2766 867 2807 (big.

91 2812 122 2841 8.
148 2812 177 2840 2.
205 2810 256 2845 17,
283 2810 350 2849 23).
399 2810 465 2840 But
489 2809 581 2839 thcrc
604 2820 705 2839 scenis
729 2811 764 2840 to
786 2810 825 2840 be
848 2821 867 2840 u

91 2853 263 2886 distel-cuce
289 2853 436 2884 between
463 2853 658 2884 ‘luminibus
680 2853 867 2884 obstrucrc'

1589 2304 1605 2319 υ

916 2334 1113 2373 (omnam-,12
1138 2333 1177 2363 G.
1202 2333 1257 2362 vii.
1280 2331 1347 2371 41).
1394 2329 1605 2361 Monumenffi
1633 2330 1692 2370 (sic

916 2378 970 2417 R),
1003 2379 1207 2407 monnmenffi
1240 2376 1266 2405 G
1299 2378 1331 2410 3,
1365 2376 1567 2404 monumenta
1606 2374 1691 2404 dett..

916 2421 945 2450 R
976 2422 995 2450 3
1027 2421 1108 2450 huvc
1138 2420 1204 2450 also
1236 2419 1309 2449 ‘scd
1340 2418 1395 2448 id.'
1440 2417 1508 2447 'ic
1539 2417 1691 2447 cvidcnccv

911 2475 1012 2494 scmus
1029 2466 1064 2494 to
1080 2463 1118 2494 bc
1135 2463 1166 2493 in
1184 2463 1298 2493 favour
1313 2462 1351 2492 of
1362 2461 1418 2492 thc
1435 2463 1517 2495 tcxt,
1535 2471 1568 2490 us
1582 2461 1595 2490 l
1609 2461 1691 2490 have

912 2517 982 2538 now
1007 2507 1100 2537 nmde
1116 2507 1154 2542 it,
1171 2505 1298 2545 though
1321 2515 1368 2535 we
1393 2506 1513 2535 cannot
1537 2504 1576 2533 hc
1599 2504 1690 2543 quitc

912 2551 1037 2581 ccrtuin
1068 2550 1143 2580 thut
1174 2560 1221 2580 wc
1252 2549 1334 2579 have
1361 2548 1418 2579 thc
1442 2550 1516 2578 truc
1543 2547 1690 2587 rciuling.

911 2593 1030 2626 lordun
1045 2593 1103 2624 hus
1120 2597 1128 2610 ‘
1139 2591 1371 2623 nionuincnto.¹

956 2637 1009 2669 37.
1023 2637 1166 2676 familia
1183 2635 1276 2675 sunl]
1326 2635 1353 2664 R
1373 2634 1432 2664 Ld.
1449 2633 1468 2666 7
1486 2632 1590 2673 Lugg.
1607 2632 1690 2663 have

913 2683 921 2697 ‘
932 2680 1054 2710 ssunilia
1069 2680 1158 2715 sint:
1175 2679 1239 2709 und
1260 2678 1387 2708 Iol-dun.

957 2723 1116 2763 nivarius]
1165 2723 1223 2752 Sec
1242 2721 1354 2751 lndcx.

956 2767 1082 2797 Deinde
1099 2767 1164 2795 ista
1181 2763 1379 2805 praeclara]
1410 2763 1529 2803 Zumpt
1540 2761 1692 2802 givcshis

911 2821 1041 2841 reasons
1058 2810 1107 2839 fm-
1124 2809 1189 2839 this
1206 2807 1342 2846 rcuding
1358 2806 1485 2837 insti-ud
1501 2806 1538 2837 of
1558 2805 1614 2836 the
1637 2805 1690 2835 old

911 2853 1058 2894 reading,
1083 2857 1091 2870 ‘
1104 2852 1172 2882 Nnc
1196 2851 1281 2887 istus
1298 2851 1365 2886 &Q
1390 2849 1496 2880 which
1512 2849 1553 2880 hc
1569 2848 1633 2879 hud
1658 2848 1691 2878 iu
