1849 3167
493 136 618 179 Aer.
651 136 714 178 11.
747 134 933 177 LIBER
962 103 1235 176 TERTIUs
1580 133 1666 175 297

74 251 202 293 fuisse
221 250 378 292 videar.
439 250 597 302 Patior,
625 267 712 293 non
741 250 916 292 moleste
946 249 1048 299 fero,
1072 249 1249 306 judices,
1276 263 1368 290 eam
1389 248 1535 298 vitam,
1559 264 1667 304 quae

73 318 182 358 mihi
211 333 284 358 sua
316 322 463 372 sponte
485 324 609 360 antea
633 318 823 374 jucunda
844 317 985 366 fue-rit,
1008 331 1122 357 nunc
1148 316 1240 372 jam
1266 331 1360 356 mea
1389 315 1484 371 lege
1505 320 1547 357 et
1568 331 1665 357 con-

74 383 234 424 ditione
253 384 532 424 necessariam
552 399 717 439 quoque
737 383 937 424 futuram.

132 448 220 489 III.
264 448 321 489 Et
356 449 402 489 in
439 449 517 490 hoc
547 449 719 490 homine
749 464 871 504 saepe
902 464 926 490 a
955 463 1022 489 me
1053 445 1233 503 quaeris,
1266 446 1484 495 Hortensi,
1517 446 1669 501 quibus

73 514 311 555 inimicitiis
342 519 415 555 aut
445 530 529 570 qua
558 515 716 571 injuria
747 515 952 556 adductus
982 514 1036 554 ad
1066 513 1348 555 accusandum
1369 512 1668 553 descenderim.

75 580 205 621 Mitto
233 579 325 636 jam
359 580 567 621 rationem
601 580 726 622 officii
757 580 842 621 mei
876 578 1281 633 necessitudinisque
1314 577 1576 619 Siculorum:
1620 577 1671 618 de

74 645 177 700 ipsis
211 645 292 686 tibi
326 646 563 688 inimicitiis
592 646 835 701 respondeo.
895 645 969 686 An
1000 650 1049 686 tu
1078 644 1258 700 majores
1284 644 1393 685 ullas
1425 643 1673 684 inimicitias

74 717 199 766 putas
220 727 307 753 esse
328 727 456 767 quam
477 712 709 754 contrarias
739 712 962 753 hominum
982 711 1213 753 sententias
1237 726 1285 752 ac
1306 709 1674 751 dissimilitudines

76 777 314 819 studiorum
334 784 376 819 et
397 778 700 820 voluntatum?
758 777 912 819 Fidem
942 777 1251 818 sanctissimam
1280 776 1326 817 in
1346 776 1436 817 vita
1457 776 1531 831 qui
1551 781 1675 831 putat

75 848 214 898 potest
235 843 274 884 ei
302 858 389 885 non
418 844 616 886 inimicus
637 859 736 893 esse,
760 843 834 899 qui
864 848 1061 898 quaestor
1091 842 1306 884 consulem
1335 857 1459 883 51111111
1489 841 1676 883 0011511115

77 909 322 959 commissis,
345 909 525 964 pecunia
554 909 725 959 tradita,
748 909 872 951 rebus
900 909 1094 950 omnibus
1121 908 1306 957 creditis,
1331 907 1522 962 spoliare,
1546 907 1674 948 relin-

77 989 218 1030 quere,
240 976 429 1030 prodere,
453 991 698 1031 oppugnare
729 990 854 1016 ausus
882 975 971 1016 sit?
1029 974 1243 1015 Pudorem
1264 989 1311 1015 ac
1331 973 1581 1028 pudicitiam
1603 973 1678 1028 qui

78 1040 180 1082 colit
209 1046 348 1096 potest
377 1041 519 1082 animo
549 1057 682 1096 aequo
712 1041 833 1082 istius
864 1040 1112 1096 quotidiana
1142 1039 1362 1088 adulteria,
1395 1038 1680 1080 meretriciam

78 1106 360 1162 disciplinam,
376 1107 651 1148 domesticum
672 1106 929 1148 lenocinium
942 1106 1086 1147 videre
1101 1105 1121 1147 P
1164 1104 1248 1150 Qui
1265 1104 1491 1160 religiones
1505 1105 1680 1146 deorum

78 1172 385 1214 immortalium
420 1173 602 1214 retinere
637 1172 742 1222 vult,
781 1172 820 1213 ei
855 1171 929 1227 qui
960 1171 1060 1213 fana
1101 1170 1293 1226 spoliarit
1329 1170 1482 1220 omnia,
1518 1170 1592 1225 qui
1627 1185 1679 1212 ex

78 1239 327 1280 thensarum
347 1238 496 1280 orbitis
516 1238 713 1294 praedari
735 1238 790 1279 sit
810 1253 947 1287 ausus,
969 1236 1169 1278 inimicus
1189 1252 1276 1278 non
1298 1252 1386 1278 esse
1407 1236 1481 1291 qui
1508 1236 1682 1291 potest?

82 1304 167 1351 Qui
183 1305 279 1360 jure
301 1320 433 1360 aequo
455 1320 598 1346 omnes
619 1308 742 1359 putat
763 1319 850 1345 esse
872 1308 1077 1359 oportere,
1100 1303 1137 1344 is
1165 1302 1246 1344 tibi
1269 1318 1356 1343 non
1384 1302 1682 1343 infestissimus

80 1372 135 1413 sit
175 1386 307 1426 quum
347 1370 506 1426 cogitet
545 1370 797 1412 varietatem
836 1369 1144 1424 libidinemque
1177 1369 1443 1410 decretorum
1475 1374 1644 1409 tuorum
1663 1369 1684 1410 P

82 1438 167 1485 Qui
188 1437 395 1479 sociorum
424 1436 594 1493 injuriis
610 1436 1023 1492 ‘provinciarumque
1044 1434 1322 1476 incommodis
1343 1434 1496 1484 doleat,
1519 1434 1554 1476 is
1574 1434 1621 1475 in
1640 1438 1684 1475 te

80 1519 167 1546 11011
197 1503 454 1559 expilatione
475 1502 616 1553 Asiae,
639 1503 866 1545 vexatione
887 1501 1182 1557 Pamphyliae,
1206 1501 1399 1556 squalore
1427 1505 1468 1542 et
1498 1499 1685 1541 lacrimis

82 1569 250 1611 Siciliae
284 1563 554 1611 concitetur?
615 1568 700 1615 Qui
730 1568 889 1610 civium
918 1567 1210 1609 Romanorum
1235 1567 1335 1623 jura
1365 1581 1413 1608 ac
1443 1566 1685 1607 libertatem

83 1642 272 1678 sanctam
312 1635 426 1691 apud
457 1650 601 1676 omnes
640 1634 790 1676 haberi
822 1634 939 1683 velit,
974 1633 1010 1675 is
1042 1648 1129 1674 non
1162 1633 1242 1674 tibi
1272 1633 1367 1688 plus
1398 1632 1527 1674 etiam
1557 1647 1685 1687 quam

82 1701 280 1743 inimicus
321 1717 408 1743 esse
448 1701 611 1751 debeat,
653 1716 786 1756 quum
824 1705 898 1741 tua
937 1700 1126 1749 verbera,
1160 1715 1293 1754 quum
1333 1713 1509 1748 secures,
1552 1712 1685 1752 quum

84 1783 227 1809 cruces
254 1768 309 1809 ad
338 1767 496 1808 civium
520 1766 811 1808 Romanorum
841 1766 1049 1821 supplicia
1068 1766 1176 1806 fixas
1206 1764 1482 1806 recordetur?
1541 1763 1627 1813 An,
1650 1763 1686 1805 si

85 1849 169 1889 qua
189 1833 235 1874 in
255 1848 300 1874 re
322 1837 469 1874 contra
489 1847 579 1873 rem
608 1847 747 1873 meam
767 1831 1020 1873 decrevisset
1051 1830 1214 1885 aliquid
1243 1829 1413 1884 injuria,
1431 1829 1527 1884 jure
1549 1829 1587 1870 01
1617 1844 1685 1870 me

84 1899 306 1942 inimicum
336 1914 423 1940 esse
454 1897 730 1939 arbitrarere:
762 1912 894 1954 quum
925 1895 1066 1938 omnia
1096 1901 1243 1937 contra
1263 1895 1453 1937 onmium
1479 1895 1686 1936 bonorum

85 1981 188 2015 rem,
221 1980 402 2014 causam,
435 1963 655 2012 rationem,
686 1962 930 2011 utilitatem,
962 1961 1309 2015 voluntatemque
1334 1960 1494 2009 fecerit,
1518 1959 1688 2015 quaeris

86 2047 161 2073 cur
191 2031 230 2072 ei
261 2031 341 2072 sim
370 2029 567 2071 inimicus
589 2028 656 2070 cui
682 2027 862 2083 populus
884 2027 1103 2068 Romanus
1132 2025 1312 2067 infestus
1334 2026 1430 2067 est?
1460 2025 1534 2081 qui
1563 2040 1683 2080 prae-

86 2097 234 2139 sertim
263 2097 358 2152 plus
388 2096 518 2137 etiam
547 2109 674 2150 quam
704 2109 802 2148 pars
823 2093 960 2135 virilis
990 2092 1176 2147 postulat
1202 2106 1278 2147 pro
1299 2091 1518 2133 voluntate
1537 2091 1685 2147 populi

87 2163 272 2206 Romani
293 2156 437 2204 oneris
452 2176 499 2203 ac
520 2159 707 2202 muneris
729 2159 939 2215 suscipere
960 2158 1136 2200 debeam
1150 2158 1170 2199 P

131 2291 162 2320 3.
193 2290 226 2318 et
251 2287 455 2319 voluntatum
468 2285 497 2326 ?]
554 2288 610 2315 ‘ac
634 2283 863 2314 voluntatum'

88 2332 150 2373 Lg.
167 2334 208 2362 42
230 2331 268 2361 Ε.
293 2335 314 2348 “
330 2332 375 2361 At
390 2330 503 2361 Cicero
519 2339 558 2358 αο
582 2328 632 2358 vel
656 2329 763 2366 atque,
779 2326 866 2367 quod

87 2377 198 2412 sciam,
214 2385 279 2405 non
294 2375 343 2405 ita
357 2374 406 2404 bis
421 2373 524 2413 ponit,
537 2374 575 2402 ut
588 2371 677 2411 prius
687 2370 750 2400 duo
766 2381 865 2401 mem-

88 2420 158 2455 bra,
175 2418 334 2459 posterius
350 2417 486 2447 membri
513 2415 648 2446 alterius
674 2417 783 2454 partes
810 2424 860 2444 00-

89 2463 191 2503 pulet.
226 2461 289 2492 Ubi
306 2460 461 2501 ejusmodi
477 2458 621 2498 exempla
637 2457 860 2492 inveniuntur,

89 2506 237 2537 codicum
268 2504 466 2535 auctoritate
499 2504 587 2533 recte
618 2501 834 2532 emendantur
843 2500 864 2514 '’

108 2549 225 2580 on-dan
244 2572 251 2578 .

90 2550 103 2590 (
130 2548 272 2632 pecudia
289 2589 448 2631 tradita]
497 2589 554 2619 See
586 2588 658 2619 Lib.
691 2589 720 2618 1.
752 2598 778 2619 c.
810 2588 862 2625 13,

90 2639 101 2657 1
111 2635 247 2677 pecunia
262 2634 447 2669 attributa‚'
465 2633 520 2664 &c.

135 2680 322 2709 mensarum.
339 2676 470 2717 orbitis]
519 2676 577 2706 See
594 2675 665 2705 Lib.
683 2675 711 2704 1.
729 2685 755 2705 0.
773 2675 824 2706 59.

134 2722 248 2753 haberi
263 2720 368 2762 velih]
415 2720 504 2750 Most
527 2719 564 2749 of
582 2719 638 2750 thc
666 2718 759 2748 MSS.
783 2718 864 2749 have

91 2769 102 2784 ¹
114 2766 208 2796 vult.’
236 2765 296 2805 Lg.
313 2766 354 2794 42
372 2764 409 2800 E,
428 2763 463 2799 F,
482 2763 515 2792 M
533 2763 614 2793 have
627 2761 747 2797 ‘velit,'
759 2761 864 2792 which

92 2810 213 2849 Zumpt
229 2808 293 2839 and
310 2808 408 2838 Klotz
424 2807 516 2837 have.
561 2806 629 2836 The
645 2816 700 2835 use
715 2805 752 2835 of
769 2809 777 2822 ‘
789 2805 845 2846 qui
855 2805 864 2818 ’

93 2853 174 2887 with
204 2852 261 2883 the
290 2851 476 2885 indicative,
515 2853 525 2867 ‘
536 2849 591 2890 qui
628 2848 748 2890 putat,’
786 2852 795 2866 ‘
810 2848 865 2889 qui

93 2896 194 2934 colit‚'
210 2896 276 2933 &c.,
293 2895 357 2926 and
372 2895 429 2926 the
452 2893 627 2925 transition
652 2895 688 2924 to
711 2892 768 2924 the
791 2892 865 2923 sub·

903 2282 1053 2323 junctivc
1068 2281 1163 2318 form,
1181 2284 1190 2298 ‘
1201 2281 1255 2321 qui
1272 2280 1402 2317 doleat?
1419 2280 1486 2317 &c.,
1509 2290 1564 2311 are
1587 2280 1683 2311 intel·

909 2326 1029 2365 ligible.
1087 2325 1198 2356 Cicero
1225 2325 1338 2365 begins
1364 2324 1445 2355 with
1471 2323 1628 2365 speaking
1651 2324 1689 2355 of

911 2369 1049 2405 himself,
1066 2369 1130 2399 and
1145 2379 1180 2399 as
1198 2368 1239 2399 he
1251 2368 1396 2399 becomes
1415 2378 1504 2398 more
1517 2368 1683 2398 animated

906 2413 946 2443 hc
972 2413 1128 2443 transfers
1152 2412 1209 2443 the
1237 2422 1323 2442 same
1344 2412 1474 2452 opinion
1495 2415 1530 2442 to
1550 2411 1683 2447 others3

906 2456 945 2488 hc
962 2456 1107 2487 becomes
1123 2455 1264 2496 general.
1311 2455 1458 2496 Zumpt's
1475 2455 1682 2495 explanation

906 2500 935 2530 is
951 2500 1042 2539 right
1057 2512 1063 2530 z
1089 2500 1274 2530 “nimirum
1292 2499 1518 2540 conjunctivus
1544 2499 1684 2539 cujusvis

908 2543 1046 2574 hominis
1073 2546 1132 2578 est,
1164 2543 1360 2574 indicativus
1390 2542 1431 2572 ad
1461 2552 1562 2572 unuln
1594 2541 1683 2572 Cice-

908 2597 1018 2618 ronem
1048 2587 1202 2627 pertinet,
1234 2596 1337 2626 neque
1367 2586 1450 2616 male
1480 2586 1520 2616 ab
1551 2596 1615 2616 uno
1642 2585 1683 2615 ad

905 2631 1012 2671 plures
1027 2633 1061 2661 et
1077 2640 1187 2661 omnes
1202 2630 1361 2660 transitus
1378 2629 1448 2660 fit.’‘

945 2685 1031 2715 pars
1046 2673 1171 2715 virilis]
1206 2673 1318 2704 Cicero
1334 2673 1476 2713 explains
1488 2672 1554 2703 this
1567 2671 1638 2703 Lib.
1651 2674 1682 2703 4.

909 2728 936 2749 0.
969 2718 1021 2754 37,
1059 2719 1129 2748 ‘est
1153 2717 1261 2757 aliqua
1284 2726 1354 2746 mea
1379 2726 1452 2756 pars
1473 2715 1597 2751 virilis-,³
1626 2715 1681 2746 ἃς.

910 2761 998 2792 Herc
1021 2761 1062 2791 he
1082 2771 1164 2801 50)*5,
1190 2761 1265 2791 that
1288 2762 1346 2790 out
1369 2759 1406 2789 of
1425 2759 1543 2799 regard
1566 2762 1602 2789 to
1625 2759 1683 2789 the

909 2805 993 2845 good
1009 2804 1122 2835 wishes
1137 2804 1174 2834 of
1192 2804 1249 2834 the
1274 2802 1399 2833 Roman
1415 2802 1526 2843 people
1541 2802 1683 2833 towards

909 2848 988 2884 him,
1013 2848 1123 2878 shown
1147 2847 1189 2888 by
1214 2846 1301 2878 their
1323 2846 1446 2886 raising
1468 2845 1536 2876 him
1560 2848 1595 2876 to
1626 2845 1683 2876 the

910 2891 1030 2923 Curulc
1049 2890 1244 2931 Aefflesffip,
1261 2889 1311 2927 he,
1328 2900 1362 2920 as
1385 2899 1445 2921 one
1468 2889 1505 2920 of
1522 2889 1625 2926 those,
1649 2898 1683 2918 as
