1849 3167
159 119 240 160 600
739 113 807 157 ΙΝ
839 113 884 156 C.
916 110 1172 155 VERREM

159 245 302 273 menes
342 230 421 271 hoc
462 227 578 279 dicit,
613 243 699 270 sese
731 229 777 269 in
809 232 969 270 terram
1013 241 1102 267 esse
1141 239 1358 281 egressum
1395 229 1444 267 ut
1483 224 1685 281 Pachyno
1725 239 1748 266 c

158 295 350 338 terrestri
398 294 609 350 praesidio
658 294 817 336 milites
867 293 1088 347 colligeret
1122 306 1241 346 ·quos
1292 290 1338 331 in
1387 290 1566 332 navibus
1621 290 1746 331 collo-

158 366 286 411 caret,
309 361 421 416 quod
443 365 554 402 certe
576 375 662 401 non
688 359 867 407 fecisset,
892 358 927 399 si
949 372 1074 398 suurn
1106 372 1334 397 numerum
1361 371 1490 397 naves
1517 356 1746 405 haberont;

158 441 206 467 ea
227 431 289 467 est
310 426 425 467 enim
444 425 553 466 ratio
574 425 881 466 instructarum
902 427 1237 477 ornatarumque
1257 422 1434 463 navium
1453 426 1501 461 ut
1522 435 1607 461 non
1627 421 1749 461 modo

159 491 300 546 plures
333 491 406 532 sed
437 506 490 531 ne
531 490 691 545 singuli
725 490 897 544 quidem
929 488 1091 543 possint
1124 488 1333 529 accedere.
1396 486 1502 527 Dico
1534 491 1751 540 praeterea

158 557 253 598 illos
274 556 386 612 ipsos
407 555 590 610 reliquos
610 559 763 596 nautas
784 554 895 595 fame
927 559 1055 608 atque
1087 553 1232 607 inopia
1264 567 1408 593 rerum
1432 551 1623 592 omnium
1654 566 1750 592 con-

159 621 291 663 fectos
311 621 440 662 fuisse
461 636 509 662 ac
532 621 732 675 perditos.
794 619 901 660 Dico
923 624 996 660 aut
1017 633 1160 660 omnes
1182 624 1303 659 extra
1323 617 1493 672 culpam
1508 616 1648 667 fuisse,
1666 623 1752 668 aut,

159 687 195 729 si
225 687 301 727 uni
333 686 603 727 attribuenda
629 685 753 739 culpa
781 684 848 734 sit,
877 684 924 724 in
955 698 1003 725 eo
1034 683 1268 724 maximam
1296 683 1424 724 fuisse
1450 683 1524 737 qui
1551 683 1755 737 optimam

159 767 325 801 navem,
348 750 552 806 plurimos
573 754 725 791 nautas
746 749 938 799 haberet,
962 763 1175 790 summum
1188 748 1415 803 imperium
1430 748 1652 798 obtineret,
1668 753 1754 798 aut,

159 817 195 859 si
227 831 370 858 omnes
409 816 455 857 in
495 815 621 870 culpa
652 814 825 865 fuerint,
862 829 949 855 non
983 814 1218 869 oportuisse
1252 814 1521 855 Cleomenem
1555 813 1756 855 constitui

159 886 439 937 spectatorem
459 880 631 922 illorum
663 880 812 922 mortis
843 884 970 935 atque
1001 880 1225 921 cruciatus.
1286 879 1393 921 Dico
1425 879 1555 920 etiam
1586 879 1633 919 in
1664 879 1756 934 ipso

160 946 368 1002 supplicio
388 947 628 987 mercedem
647 945 934 995 lacrimarum,
957 945 1196 986 mercedem
1217 945 1407 986 vulneris
1429 950 1555 1000 atque
1589 945 1754 999 plagae,

159 1013 396 1053 mercedem
416 1011 577 1052 funeris
598 1026 645 1052 ac
667 1011 907 1066 sepulturae
928 1011 1130 1052 constitui
1149 1010 1267 1051 nefas
1288 1010 1427 1052 fuisse.
1491 1009 1758 1065 Quapropter

161 1077 197 1119 si
230 1077 339 1118 mihi
369 1077 622 1132 respondere
656 1076 783 1127 voles,
817 1077 922 1117 haec
958 1076 1112 1118 dicito:
1145 1076 1320 1117 classem
1344 1075 1599 1117 instructam
1631 1081 1757 1131 atque

161 1148 356 1184 ornatam
387 1142 528 1192 fuisse,
562 1141 731 1183 nullum
760 1149 1123 1198 propugnatorem
1150 1141 1344 1192 abfuisse,
1377 1141 1546 1182 nullum
1576 1156 1758 1183 vacuum

161 1212 347 1249 tractum
368 1223 455 1249 esse
476 1223 652 1257 remum,
675 1223 767 1249 rem
787 1208 1114 1249 frumentariam
1135 1223 1223 1249 esse
1244 1207 1570 1262 suppeditatam‚
1585 1207 1758 1248 mentiri

162 1273 409 1322 navarchos,
430 1272 606 1314 mentiri
625 1277 690 1313 tot
711 1277 753 1314 et
775 1277 861 1314 tam
884 1288 1037 1328 graves
1058 1273 1265 1322 civitates,
1287 1272 1464 1314 mentiri
1493 1272 1622 1313 etiam
1652 1272 1756 1313 Sici-

163 1339 267 1380 liam
287 1342 423 1379 totam
442 1353 451 1388 ;
482 1338 699 1393 proditum
720 1353 806 1379 esse
826 1342 869 1379 te
890 1354 914 1380 a
936 1338 1158 1379 Cleomene
1179 1338 1254 1393 qui
1285 1353 1327 1379 se
1359 1338 1517 1379 dixerit
1549 1338 1682 1379 exisse
1711 1337 1759 1378 in

163 1409 324 1445 terram
358 1408 406 1444 ut
441 1403 646 1459 Pachyno
682 1404 908 1445 deduceret
939 1404 1097 1445 milites
1114 1419 1123 1454 3
1157 1404 1348 1445 animum
1378 1403 1464 1445 fflis
1498 1418 1584 1444 non
1619 1403 1759 1458 copias

165 1470 347 1512 defuisse
362 1485 372 1520 ;
420 1469 689 1510 Cleomenem
724 1470 928 1512 acerrime
960 1474 1225 1525 pugnantem
1260 1470 1312 1511 ab
1343 1469 1396 1511 iis
1435 1469 1632 1510 relictum
1672 1484 1760 1511 esse

165 1540 293 1591 atque
313 1536 549 1576 desertum:
581 1549 805 1576 nummum
825 1536 878 1576 ob
899 1535 1160 1591 sepulturam
1181 1535 1329 1576 datum
1348 1535 1523 1576 nemini.
1586 1534 1704 1581 Quae
1725 1535 1761 1576 si

164 1600 290 1654 dices,
311 1600 533 1642 tenebere:
566 1599 632 1641 sin
663 1599 747 1641 alia
766 1600 892 1650 dices,
915 1615 964 1642 ea
985 1616 1094 1656 quae
1115 1615 1140 1642 a
1160 1615 1228 1641 me
1256 1599 1370 1641 dicta
1397 1604 1496 1640 sunt
1527 1614 1614 1640 non
1646 1599 1758 1640 refu-

165 1666 287 1707 tabis.

224 1730 326 1772 LII.
349 1730 434 1772 Hic
450 1735 499 1772 tu
511 1729 641 1772 etiam
654 1730 792 1772 dicere
813 1730 999 1781 audebis,
1020 1735 1031 1753 ‘
1044 1732 1123 1772 Est
1143 1730 1190 1772 in
1206 1730 1424 1787 judicibus
1445 1730 1518 1772 ille
1538 1730 1761 1773 familiaris

166 1811 297 1846 meus,
319 1800 382 1837 est
402 1801 603 1851 paternus
625 1796 783 1838 amicus
803 1796 876 1837 ille
893 1797 931 1838 ?'
978 1796 1090 1846 Non,
1112 1801 1161 1838 ut
1181 1797 1358 1852 quisque
1378 1796 1563 1837 maxime
1584 1801 1647 1837 est
1667 1797 1760 1851 qui-

167 1878 264 1904 cum
293 1862 374 1903 tibi
403 1862 566 1917 aliquid
595 1862 663 1912 sit,
695 1862 757 1903 ita
787 1867 829 1903 te
858 1862 906 1903 in
935 1862 1227 1918 hujuscemodi
1257 1862 1434 1903 crimine
1460 1862 1645 1903 maxime
1673 1862 1763 1917 ejus

394 1927 629 1969 ‘Paternus
659 1927 819 1969 amicus
849 1927 940 1969 est.'

167 1928 298 1983 pudet
312 1927 332 1968 P

1001 1927 1100 1982 Ipse
1120 1932 1242 1982 pater
1262 1927 1298 1968 si
1313 1927 1537 1983 judicaret,
1559 1942 1635 1982 per
1665 1928 1762 1969 deos

167 1992 441 2043 immortales,
464 1992 568 2048 quid
589 1992 725 2034 facere
737 1997 887 2048 posset.
932 1992 1076 2039 Quum
1095 1992 1176 2034 tibi
1195 1993 1299 2034 haec
1320 1992 1503 2034 diceret:
1526 1992 1591 2033 Tu
1605 1992 1652 2033 in
1666 2007 1761 2047 pro-

168 2099 177 2112 ‘
189 2095 397 2126 Hennenses'
427 2106 503 2137 may
532 2097 591 2127 not
627 2096 667 2127 be
704 2096 761 2127 the
798 2097 944 2137 reading.

167 2138 257 2179 They
280 2150 363 2169 were
385 2139 497 2169 inland
519 2139 641 2179 people,
664 2139 692 2169 it
714 2139 741 2170 is
763 2141 838 2170 true
843 2153 853 2177 3
883 2141 945 2171 but

167 2191 201 2211 so
217 2192 301 2212 were
316 2182 373 2213 the
390 2182 606 2222 Centuripini,
623 2192 649 2212 c.
667 2184 718 2213 33.

211 2235 347 2254 vacuum
385 2228 528 2255 tractum
563 2225 647 2266 esse]
708 2225 786 2256 This
823 2226 850 2256 is
887 2226 945 2257 the

167 2267 303 2307 reading
322 2268 359 2297 of
377 2268 406 2298 R
417 2270 446 2304 3,
463 2268 589 2309 rightly
605 2269 751 2299 restored
766 2269 809 2309 by
826 2269 945 2309 Zumpt

168 2309 201 2339 in
224 2310 313 2349 place
336 2311 373 2340 of
391 2311 448 2341 the
471 2311 675 2350 corruptions
695 2312 732 2341 of
750 2312 945 2352 conjecture.

167 2351 198 2381 V
208 2353 305 2382 omits
321 2356 330 2369 ‘
340 2353 487 2383 remum.5
511 2354 540 2384 A
553 2357 562 2370 ‘
572 2364 693 2383 vacuus
708 2364 815 2387 remus
825 2354 834 2367 ’
850 2354 877 2383 is
887 2364 946 2384 one

167 2394 274 2424 which
290 2395 347 2424 has
362 2405 404 2425 no
422 2406 499 2425 man
520 2397 556 2426 to
574 2396 663 2425 work
679 2396 706 2425 it
711 2408 721 2432 ,-
745 2397 809 2426 and
824 2396 851 2426 it
871 2407 947 2436 may

167 2437 207 2467 be
223 2437 293 2467 said
307 2439 342 2467 to
357 2437 397 2468 be
414 2441 422 2454 ‘
432 2440 559 2467 tractus
569 2438 577 2450 ³
595 2437 687 2467 when
706 2438 734 2468 it
749 2438 775 2467 is
791 2439 947 2468 attached

168 2481 204 2510 to
219 2479 262 2509 its
277 2480 367 2519 place
386 2480 450 2510 and
470 2480 626 2519 dragged,
645 2480 772 2511 instead
794 2481 831 2510 of
848 2481 946 2521 being

168 2522 300 2552 worked
311 2522 353 2562 by
364 2522 421 2553 the
433 2522 521 2552 hand
533 2522 570 2551 of
581 2522 637 2552 the
648 2533 761 2552 rower.
795 2523 946 2561 Scheffer,

169 2575 211 2596 an
232 2565 401 2605 authority
424 2565 459 2595 in
481 2565 560 2595 such
580 2567 728 2601 matters,
749 2576 782 2595 so
806 2567 947 2606 explains

170 2608 227 2638 the
250 2610 338 2645 text3
362 2608 426 2639 and
448 2608 489 2638 he
509 2608 609 2638 refers
629 2610 665 2638 to
686 2607 779 2644 Ovid,
800 2608 881 2640 Met.
903 2609 946 2640 xi.

170 2714 190 2730 “
201 2711 354 2742 Obvertit
368 2711 465 2743 lateri
479 2711 657 2752 pendentes
671 2711 785 2742 navita
799 2722 902 2743 remos
912 2713 945 2749 3³³

169 2777 234 2808 and
247 2777 382 2815 Statius,
396 2780 496 2812 Theb.
508 2791 539 2813 v.
548 2781 612 2811 422
620 2793 628 2817 3
644 2780 791 2811 Valerius
801 2779 945 2818 Flaccus,

167 2820 291 2860 Argon.
307 2821 352 2852 iii.
369 2823 421 2855 34.

1032 2097 1084 2129 52.
1108 2097 1199 2128 itate
1212 2120 1219 2127 .
1234 2120 1241 2127 .
1253 2096 1393 2127 maxime
1402 2096 1581 2137 ejus-pudet
1593 2095 1622 2137 37]
1647 2095 1765 2126 Verres

988 2140 1015 2171 is
1037 2141 1195 2181 supposed
1217 2142 1252 2170 to
1275 2151 1341 2180 say,
1364 2140 1501 2170 “There
1520 2139 1546 2169 is
1567 2149 1686 2178 among
1707 2138 1765 2168 the

990 2184 1150 2224 ‘judices’
1174 2183 1250 2214 that
1274 2183 1426 2213 intimate
1450 2182 1487 2212 of
1499 2182 1600 2218 mine3
1623 2182 1716 2211 there
1738 2181 1766 2211 is

989 2237 1009 2257 a
1030 2227 1137 2257 friend
1163 2226 1200 2257 of
1218 2237 1273 2266 my
1293 2226 1402 2256 father
1420 2225 1546 2255 there.''
1590 2225 1636 2254 To
1659 2224 1766 2254 which

990 2269 1102 2300 Cicero
1117 2269 1241 2309 replies‚
1256 2272 1277 2285 “
1289 2269 1367 2298 Just
1382 2268 1415 2297 in
1430 2267 1619 2307 proportion
1634 2269 1670 2297 to
1684 2277 1766 2307 your

989 2312 1146 2352 intimacy
1159 2312 1240 2341 with
1250 2321 1313 2350 any
1323 2320 1393 2346 one,
1406 2310 1510 2349 ought
1519 2320 1582 2350 you
1592 2312 1660 2346 not,
1671 2309 1766 2339 when

991 2355 1133 2393 charged
1149 2354 1229 2384 with
1244 2363 1286 2382 an
1301 2353 1422 2383 offence
1437 2353 1474 2383 of
1487 2353 1553 2383 this
1568 2352 1659 2389 kind,
1676 2355 1711 2383 to
1726 2353 1766 2383 be

990 2397 1078 2427 filled
1092 2397 1172 2426 with
1189 2396 1298 2426 shame
1313 2396 1422 2426 before
1433 2396 1552 2426 l1i1n?'’
1596 2396 1640 2425 As
1652 2398 1687 2426 to
1699 2395 1767 2426 this

990 2449 1046 2469 use
1072 2439 1109 2469 of
1128 2439 1270 2478 ‘pudet,'
1295 2439 1432 2479 Madvig
1455 2449 1620 2479 compares
1644 2438 1766 2475 Cicero,

991 2481 1074 2511 Phil.
1113 2482 1145 2512 ii.
1176 2483 1228 2518 25,
1268 2482 1324 2511 “si
1357 2484 1391 2512 te
1421 2482 1671 2522 municipiorum
1701 2492 1767 2512 non

991 2525 1144 2563 pudebat,
1169 2535 1208 2555 ne
1231 2525 1377 2555 veterani
1401 2525 1530 2565 quidem
1550 2525 1710 2555 exercitus
1724 2524 1766 2555 ‘1³³’

992 2567 1095 2598 There
1121 2568 1147 2597 is
1172 2568 1237 2598 also
1261 2568 1345 2598 Phil.
1373 2568 1426 2598 xii.
1459 2569 1489 2604 3,
1515 2568 1641 2598 ‘Pudet
1670 2567 1767 2607 hujus

990 2609 1125 2650 legionis
1136 2611 1144 2623 '
1161 2611 1232 2647 &c.;
1257 2611 1321 2641 and
1337 2611 1488 2647 Terence,
1501 2611 1604 2641 Haut.
1617 2611 1649 2640 ii.
1667 2612 1697 2640 3.
1715 2611 1766 2641 19.

991 2652 1091 2683 Orelli
1118 2654 1207 2694 gives
1230 2654 1288 2684 the
1312 2654 1459 2684 instance
1483 2654 1520 2684 of
1544 2654 1602 2684 the
1626 2653 1767 2684 German

990 2696 1088 2726 form:
1114 2701 1122 2714 ‘
1133 2697 1200 2732 sich
1216 2708 1274 2727 vor
1290 2697 1393 2727 einem
1410 2696 1583 2729 schamen?

1028 2742 1152 2779 posset.
1175 2741 1277 2779 Quum
1291 2739 1364 2781 effen]
1405 2740 1421 2769 1
1437 2740 1519 2770 have
1534 2749 1606 2769 now
1620 2738 1768 2769 followed

991 2781 1139 2814 Iordan’s
1153 2783 1315 2826 pointing,
1331 2782 1438 2816 which
1453 2783 1480 2813 is
1494 2782 1666 2822 Madvig'S.
