1849 3167
507 119 633 161 AOT.
664 119 728 162 II.
759 118 945 161 LIBER
974 118 1239 161 TERTIUS.
1584 119 1667 161 329

73 234 208 277 tatis?
248 250 304 276 an
338 234 383 276 id
417 235 631 290 agendum
668 239 717 276 ut
749 249 797 276 eo
829 233 1005 276 celerius
1045 233 1097 275 de
1131 233 1212 275 isto
1247 232 1546 289 transigamus,
1584 249 1668 289 quo

72 301 279 342 maturius
311 300 364 341 ad
395 299 634 355 Apronium
665 300 883 356 possimus,
905 300 951 341 id
982 300 1094 355 quod
1125 314 1205 355 ego
1236 299 1302 339 illi
1327 299 1418 354 jam
1448 300 1493 340 in
1525 300 1669 341 Sicilia

73 367 286 422 pollicitus
307 381 412 416 sum,
434 367 689 421 pervenire?
720 366 793 422 qui
822 366 867 407 C.
891 365 1158 414 Matrinium,
1186 365 1362 421 judiceS,
1393 380 1555 406 summa
1581 366 1666 406 vir-

73 437 164 473 tute
190 432 417 481 hominem,
447 448 610 473 summa
640 432 861 481 industria,
885 447 1048 472 summa
1077 431 1228 486 gratia,
1252 430 1473 472 Leontinis
1497 431 1542 471 in
1562 432 1667 485 pub-

73 497 155 539 lico
175 497 351 538 biduum
372 498 521 539 tenuit.
585 498 678 544 Quo
699 499 751 539 ab
773 497 976 553 Apronio,
995 497 1172 553 judices,
1201 496 1372 537 homine
1393 496 1438 536 in
1469 497 1670 537 dedecore

73 568 186 612 nato,
228 564 282 604 ad
322 564 633 618 turpitudinem
673 564 860 613 educato,
903 563 957 604 ad
996 562 1145 604 Verris
1184 561 1350 617 flagitia
1389 562 1670 617 libidinesque

74 630 398 679 accommodato,
433 630 619 685 equitem
658 629 900 670 Romanum
940 628 1088 670 scitote
1127 627 1305 669 biduum
1345 628 1437 669 cibo
1477 632 1671 682 tectoque

73 695 360 750 prohibitum3
391 695 568 737 biduum
595 694 815 736 Leontinis
842 694 888 735 in
918 693 1008 735 foro
1038 694 1084 735 in
1106 693 1306 735 custodiis
1327 692 1511 748 Apronii
1531 698 1669 734 reten-

73 765 164 801 tum
186 766 312 816 atque
329 766 554 811 servatum,
572 776 707 816 neque
724 765 822 802 ante
842 760 1063 801 dimissum
1083 775 1211 815 quam
1227 759 1280 800 ad
1301 759 1561 801 conditiones
1583 759 1672 815 ejus

73 827 272 882 depectus
293 832 367 868 est.
1726 818 1729 820 ’

130 891 272 934 XXV.
324 893 438 935 Nam
478 893 581 948 quid
616 908 695 948 ego
742 893 793 933 de
835 891 885 938 Q.
927 890 1079 940 Lollio,
1117 890 1294 947 judices,
1337 890 1487 940 dicam,
1530 890 1671 946 equite

72 957 266 1000 Romano
301 964 487 1014 spectato
528 964 655 1014 atque
694 959 908 1000 honesto?
948 958 1062 999 clara
1102 974 1168 999 res
1209 963 1272 999 est
1312 973 1441 1012 quam
1481 957 1671 998 dicturus

73 1040 178 1073 sum,
210 1029 300 1066 tota
330 1024 474 1066 Sicilia
504 1024 776 1066 celeberrima
811 1029 938 1079 atque
968 1024 1212 1065 notissima:
1255 1023 1330 1078 qui
1366 1038 1497 1078 quum
1533 1028 1671 1064 araret-

72 1090 118 1131 in
152 1089 374 1140 Aetnensi,
411 1106 625 1146 quumque
661 1090 696 1131 is
729 1105 830 1145 ager
862 1089 1053 1145 Apronio
1087 1105 1183 1130 cum
1217 1088 1366 1130 ceteris
1408 1088 1523 1143 agris
1565 1094 1672 1129 esset

72 1156 266 1206 traditus,
295 1155 480 1212 equestri
507 1161 648 1197 vetere
675 1155 750 1197 illa
775 1155 1025 1197 auctoritate
1050 1160 1092 1196 et
1119 1154 1257 1210 gratia
1282 1154 1414 1195 fretus
1445 1153 1672 1194 affirmavit

72 1236 115 1262 se
151 1221 394 1262 decumanis
427 1221 522 1276 plus
558 1237 686 1277 quam
726 1222 897 1262 deberet
936 1236 1022 1262 non
1061 1221 1273 1261 daturum.
1346 1219 1547 1260 Refertur
1582 1220 1672 1275 ejus

71 1302 206 1328 sermo
247 1287 300 1328 ad
331 1286 584 1342 Apronium.
657 1287 888 1328 Enimvero
928 1287 1007 1328 iste
1047 1287 1184 1328 ridere
1225 1301 1272 1327 ac
1304 1285 1452 1326 mirari
1485 1285 1672 1327 Lollium

70 1352 182 1393 nihil
209 1353 261 1393 de
282 1352 500 1402 Matrinio,
523 1351 635 1393 nihil
662 1352 713 1393 de
734 1352 884 1393 ceteris
905 1352 1029 1393 rebus
1050 1352 1227 1393 audisse.
1288 1351 1429 1392 Mittit
1454 1351 1507 1392 ad
1534 1351 1669 1392 homi-

70 1433 169 1459 nem
209 1417 446 1459 Venereos:
497 1418 576 1459 hoc
621 1433 788 1473 quoque
835 1417 1057 1468 attendite,
1099 1417 1360 1473 apparitores
1408 1432 1432 1458 a
1477 1422 1670 1472 praetore

69 1483 304 1539 assignatos
343 1483 538 1525 habuisse
579 1483 872 1533 decumanum,
915 1483 950 1524 si
996 1484 1076 1525 hoc
1116 1483 1327 1525 mediocre
1368 1488 1671 1538 argumentum

69 1550 206 1591 videri
237 1555 374 1605 potest
409 1549 540 1591 istum
575 1550 905 1591 decumanorum
934 1550 1107 1591 nomine
1138 1550 1192 1591 ad
1222 1565 1317 1590 suos
1348 1554 1546 1604 quaestus
1582 1564 1669 1590 esse

69 1617 269 1658 abusum:
321 1615 546 1657 adducitur
592 1631 616 1656 a
656 1615 860 1657 Venereis
907 1624 1034 1671 atque
1081 1616 1184 1656 adeo
1231 1615 1463 1656 attrahitur
1507 1615 1668 1656 Lollius

69 1681 284 1722 commode
305 1696 437 1736 quum
457 1681 673 1736 Apronius
698 1697 722 1722 a
752 1681 961 1736 palaestra
989 1681 1165 1722 redisset
1193 1686 1235 1721 et
1265 1681 1310 1721 in
1341 1680 1528 1721 triclinio
1556 1681 1669 1736 quod

69 1747 116 1787 in
155 1746 245 1788 foro
277 1746 443 1787 Aetnae
479 1751 686 1787 straverat
718 1746 995 1787 decubuisset.
1069 1745 1281 1787 Statuitur
1316 1745 1478 1786 Lollius
1511 1745 1556 1785 in
1593 1745 1667 1786 illo

68 1812 319 1867 tempestivo
341 1811 625 1867 gladiatorum
646 1811 851 1852 convivio.
885 1812 926 1852 N
930 1826 984 1852 on
1006 1811 1244 1852 mehercule
1265 1810 1368 1851 hacc
1391 1826 1498 1865 quae
1519 1810 1667 1865 loquor

69 1879 295 1926 crederem,
314 1878 489 1932 judices,
513 1876 682 1918 tametsi
703 1876 833 1931 vulgo
854 1877 1083 1925 audieram,
1106 1877 1189 1917 nisi
1215 1891 1379 1917 mecum
1407 1876 1496 1930 ipse
1523 1891 1664 1924 senex,

69 1959 201 2000 quum
221 1943 329 1984 mihi
350 1948 476 1998 atque
489 1942 588 1983 huic
605 1941 817 1983 voluntati
838 1942 1114 1983 accusationis
1128 1956 1244 1982 meae
1259 1941 1485 1982 lacrimans
1507 1941 1666 1996 gratias
1718 1945 1721 1948 ⁴

893 2048 949 2079 has
967 2052 976 2065 ‘
988 2048 1205 2078 eomlitionem
1224 2070 1230 2077 .
1249 2071 1255 2077 .
1273 2047 1426 2088 depectus
1443 2046 1515 2077 ost?

936 2093 987 2122 25.
1011 2092 1170 2121 commode
1186 2091 1297 2130 quum]
1329 2091 1416 2131 ‘just
1447 2101 1480 2121 ns
1505 2091 1666 2130 Apronius

891 2135 954 2165 had
983 2135 1137 2165 returned
1165 2135 1247 2164 from
1276 2135 1332 2165 the
1365 2134 1546 2174 palaestra.’
1605 2135 1664 2165 12⁴³*-

891 2181 931 2208 42
959 2178 1015 2208 has
1053 2178 1258 2208 ‘eonnnodo.'
1318 2178 1440 2212 Cicero,
1472 2178 1592 2217 quoted
1623 2178 1664 2219 by

892 2222 1011 2262 Zumpt
1028 2222 1092 2261 (Ad
1110 2223 1180 2252 Att.
1198 2222 1229 2251 ii.
1248 2222 1313 2262 12).
1335 2232 1416 2261 says,
1443 2227 1461 2237 ⁴·
1473 2232 1664 2252 emerseram

112 2051 148 2081 iel
178 2049 353 2090 aspendum]
416 2053 425 2066 ‘
437 2049 475 2079 Id
488 2049 497 2061 '
528 2048 602 2078 does
625 2050 683 2078 not
707 2048 791 2078 refer
814 2050 848 2079 to

69 2095 158 2125 what
174 2104 249 2133 goes
265 2094 383 2124 before.
430 2093 463 2123 It
480 2093 579 2122 refers
596 2094 630 2122 to
647 2094 704 2121 ‘ut
721 2092 779 2126 e‹›,’
791 2092 846 2122 ἃς.

72 2142 80 2155 ‘
91 2138 183 2168 Must
202 2138 216 2167 I
235 2137 311 2168 take
327 2137 369 2167 all
386 2137 476 2176 paius
493 2138 527 2166 to
540 2135 578 2165 bc
594 2135 650 2165 the
663 2135 797 2174 ‹luieker
814 2135 845 2165 in

69 2182 207 2221 settling
217 2181 274 2211 the
287 2190 358 2211 ease
369 2180 405 2210 of
418 2180 546 2214 Verres,
560 2179 592 2208 in
603 2178 697 2208 order
710 2180 744 2208 to
757 2189 845 2208 eome

69 2235 182 2256 sooner
198 2227 232 2255 to
248 2224 410 2264 Apronius
423 2223 453 2254 ‘1³'
498 2224 543 2252 As
565 2224 600 2252 to
624 2226 631 2238 ‘
644 2222 825 2260 transigere,
838 2222 845 2234 ’

68 2279 119 2299 see
136 2268 245 2298 Diviu.
262 2278 289 2297 e.
307 2269 357 2297 M.

113 2312 147 2341 in
168 2310 316 2351 publiea]
363 2310 440 2340 This
458 2310 482 2339 is
499 2309 667 2350 explained
691 2309 732 2349 hy
757 2308 845 2338 what

70 2355 202 2385 follows.
248 2354 321 2384 ‘He
349 2364 413 2383 was
436 2353 514 2393 kept
540 2356 605 2383 two
632 2352 709 2392 days
733 2352 764 2381 in
790 2352 846 2382 the

70 2398 176 2429 forum
193 2397 333 2428 without
351 2407 445 2427 eover
461 2397 524 2427 and
542 2396 681 2426 without
698 2395 792 2424 food.'

119 2442 188 2480 Quo
206 2441 245 2470 ab
263 2439 442 2480 Apo-onim]
491 2444 498 2456 ‘
510 2440 560 2469 Ab
574 2440 582 2451 '
607 2439 631 2468 is
647 2438 786 2469 ‹nnitted
802 2438 843 2479 by

70 2484 154 2524 ng.
172 2486 285 2524 except
304 2485 355 2519 42,
372 2484 410 2519 A,
428 2484 464 2519 13,
479 2483 514 2517 C,
527 2483 570 2517 V;
587 2482 658 2517 but,
675 2493 708 2512 as
726 2482 844 2521 Zumpt

69 2528 228 2563 observes«,
248 2527 326 2557 ‘ab'
343 2529 461 2557 cannot
474 2527 512 2555 be
525 2525 680 2566 supplied.
726 2525 844 2565 Zumpt

69 2571 133 2601 and
152 2571 270 2601 Iordan
287 2570 364 2600 read
388 2574 396 2586 ‘
408 2571 515 2609 Atque
532 2570 571 2599 ab
588 2568 729 2608 Apronio
743 2568 761 2604 ;'
786 2569 845 2599 hut

69 2615 110 2645 he
127 2624 198 2654 says
226 2616 343 2653 ‘alque
370 2615 462 2653 paret
485 2613 592 2642 abesse
603 2612 622 2648 ;'
647 2612 711 2642 and
730 2611 845 2642 indeed

69 2658 96 2688 it
113 2668 213 2688 seems
242 2657 332 2696 quite
359 2658 416 2686 out
443 2656 479 2685 of
502 2656 600 2696 place.
648 2655 746 2685 Klotz
773 2666 843 2695 pro-

69 2711 159 2741 poses
177 2705 184 2717 ‘
198 2711 216 2730 a
232 2711 294 2740 quo
311 2699 474 2739 Apronio,'
492 2699 556 2729 aud
584 2698 729 2737 Madvig,
747 2705 754 2715 ⁸
768 2709 785 2729 a
802 2700 840 2736 Q.

68 2743 342 2784 Ap1·0nio.’——‘22d
359 2742 574 2772 conditionem
597 2743 664 2782 ejus
688 2742 841 2782 depectus

69 2787 137 2818 est'
164 2787 272 2823 Klotz,
300 2787 383 2816 from
412 2786 472 2825 Lg.
501 2787 541 2815 42
560 2785 598 2815 V.
644 2785 763 2825 Zumpt
786 2796 840 2825 np-

69 2841 183 2871 proves
207 2831 245 2861 of
266 2834 274 2846 ‘
287 2829 440 2869 depectus
461 2829 532 2865 est:
560 2829 592 2859 iu
619 2828 708 2868 place
731 2829 768 2859 of
785 2829 841 2860 the

69 2884 216 2904 common
242 2873 378 2911 reading
403 2872 578 2912 ‘depactus
608 2872 678 2902 est?
725 2872 842 2902 Iordan

891 2265 1056 2295 commode
1072 2276 1108 2295 ex
1126 2265 1253 2295 Antiati
1270 2275 1369 2305 quum
1383 2265 1414 2294 in
1428 2275 1478 2295 me
1492 2265 1665 2295 i11eur1·it.”

892 2308 920 2337 V
951 2309 1008 2339 has
1039 2314 1046 2324 ⁴
1060 2308 1264 2348 postmodum
1280 2309 1286 2319 ’
1318 2309 1349 2338 in
1382 2308 1470 2348 place
1501 2309 1537 2338 of
1564 2315 1664 2338 ‘eom-

890 2352 1012 2388 mode,·'
1037 2352 1100 2382 and
1133 2352 1230 2382 Klotz
1258 2352 1349 2382 reads
1375 2352 1526 2382 mollius.
1575 2352 1664 2382 Post-

889 2396 1018 2425 modum
1051 2406 1149 2435 quum
1183 2396 1343 2435 Apronius
1372 2419 1378 2425 .
1407 2419 1413 2425 .
1442 2396 1664 2426 recubuisset?

890 2438 918 2468 V
936 2445 959 2478 φ
976 2439 1056 2469 have
1074 2445 1080 2454 “
1093 2439 1313 2469 recubuisset?
1352 2438 1468 2468 Iordan
1486 2439 1542 2469 has
1560 2446 1567 2455 ⁴
1579 2450 1663 2469 eom-

889 2482 1041 2512 modum'
1073 2483 1155 2512 from
1187 2482 1243 2513 the.
1270 2483 1398 2521 margin
1426 2482 1462 2511 of
1487 2482 1664 2512 Lambinus

891 2526 983 2556 1584.
1009 2532 1016 2542 ⁸
1029 2526 1240 2556 Commodum
1255 2526 1262 2538 '
1280 2526 1305 2555 is
1320 2526 1416 2556 Latin
1434 2526 1465 2555 in
1484 2526 1548 2556 this
1561 2537 1662 2556 sense.

890 2569 948 2599 See
967 2569 1073 2600 Plnut.
1090 2569 1236 2599 Trinum.
1254 2571 1327 2600 1100.

933 2612 1137 2653 tempestivo]
1185 2613 1261 2643 This
1286 2623 1395 2643 means
1419 2622 1459 2642 un
1484 2613 1663 2643 entertain-

888 2658 979 2686 ment
996 2656 1100 2686 which
1114 2657 1217 2694 began
1230 2657 1338 2687 before
1355 2656 1411 2686 the
1428 2656 1518 2685 usual
1537 2656 1615 2686 time
1631 2656 1668 2686 os

885 2699 941 2729 the
952 2699 1025 2740 day.
1071 2700 1138 2730 'l'he
1151 2710 1236 2730 same
1253 2699 1446 2739 expression.
1459 2699 1491 2728 ἰιι
1503 2699 1560 2729 the
1576 2710 1663 2729 same

885 2753 984 2779 sense,
1010 2754 1122 2774 oeeurs
1139 2743 1171 2773 in
1189 2743 1244 2773 the
1271 2743 1397 2773 oration
1427 2742 1489 2772 Pro
1514 2742 1662 2775 Murena.

886 2796 912 2816 e.
940 2786 970 2822 6,
1007 2786 1223 2826 “tempestivi
1250 2786 1388 2817 convivii
1414 2808 1420 2815 .
1450 2808 1457 2815 .
1489 2796 1593 2816 eomes
1614 2789 1664 2816 est

887 2831 1031 2861 extrema
1047 2830 1211 2860 saltamus·
