1849 3167
549 116 678 159 AoT.
710 115 774 159 Π.
806 115 993 158 LIBER
1024 114 1319 164 QUARTUS.
1651 114 1734 158 531

135 234 229 272 tum
263 229 397 272 Siculi
434 230 628 274 homines
659 230 797 273 facere
834 235 1017 287 possent,
1050 246 1105 272 ne
1145 246 1269 272 suum
1303 230 1374 287 jus
1414 229 1499 272 suis
1532 230 1734 281 moribus,

136 296 222 338 suis
250 297 417 353 legibus
448 297 639 339 obtinere
668 303 850 353 possent,
873 312 960 339 non
989 297 1149 339 amicus
1179 297 1315 346 istius,
1346 312 1434 338 non
1463 297 1627 352 hospes,
1649 311 1737 338 non

135 362 318 418 denique
348 363 502 418 aliquis
533 363 710 413 Siculus,
737 364 809 405 sed
839 368 1034 419 quaestor
1063 361 1133 419 [P.
1157 361 1235 418 R.]
1266 368 1505 417 praetorem
1535 362 1734 417 appellat.

137 427 243 474 Quis
263 428 342 470 hoc
363 428 507 470 vidit?
537 429 632 484 quis
653 429 852 471 audivit?
910 428 1090 470 Praetor
1119 443 1277 483 aequus
1308 434 1350 469 et
1379 428 1546 483 sapiens
1576 427 1737 468 dimitti

129 493 253 549 jubet
288 499 495 535 senatum.
557 493 782 536 Concurrit
817 495 872 536 ad
905 509 973 535 me
1008 493 1197 535 maxima
1230 493 1474 535 multitudo.
1542 493 1739 534 Primum

134 564 348 601 senatores
368 559 550 601 clamare
574 560 656 602 sibi
676 560 784 615 eripi
805 560 889 615 jus,
912 559 1020 616 eripi
1043 559 1309 601 libertatem:
1340 558 1521 614 populus
1545 563 1739 599 senatum

133 623 320 675 laudare,
353 625 514 680 gratias
544 640 694 681 agere:
736 625 849 667 cives
883 625 1069 667 Romani
1106 640 1131 666 a
1165 639 1234 666 me
1269 639 1480 680 nusquam
1510 623 1736 665 discedere.

136 688 230 736 Quo
252 690 425 746 quidem
453 691 521 732 die
548 690 660 732 nihil
683 691 853 746 aegrius
883 690 1045 732 factum
1072 695 1136 732 est
1165 690 1300 732 multo
1324 690 1468 731 labore
1487 704 1582 731 meo
1609 702 1738 744 quam

133 760 183 796 ut
212 771 363 797 manus
394 757 446 797 ab
473 756 547 798 illo
572 756 831 812 appellatore
852 756 1179 798 abstinerentur.
1242 755 1386 802 Quum
1415 755 1469 797 ad
1499 759 1738 809 praetorem

132 821 180 861 in
205 821 276 876 jus
307 821 549 872 adissemus,
572 822 788 877 excogitat
812 837 913 863 sane
933 827 1055 863 acute
1076 822 1181 877 quid
1201 822 1412 863 decernat.
1473 820 1587 862 Nam
1618 824 1735 860 ante-

133 901 263 941 quam
282 888 460 929 verbum
481 887 676 937 facerem,
700 888 752 929 de
782 887 885 929 sella
916 888 1101 929 surrexit
1131 892 1258 942 atque
1286 887 1404 928 abiit.
1465 885 1619 940 Itaque
1642 890 1737 926 tum

133 953 186 993 de
205 952 310 1002 foro,
333 968 464 1008 quum
482 953 574 1009 jam
594 954 971 1008 advesperasceret,
994 953 1271 994 discessimus.

190 1017 354 1059 LXVI.
398 1018 609 1060 Postridie
648 1033 774 1060 mane
814 1019 867 1060 ab
900 1033 947 1060 eo
978 1018 1146 1073 postulo
1186 1022 1235 1059 ut
1273 1015 1549 1073 Syracusanis
1588 1015 1737 1057 liceret

132 1088 303 1125 senatus
327 1083 567 1125 consultum
587 1084 701 1138 quod
729 1083 868 1138 pridie
889 1083 1088 1124 fecissent
1111 1083 1220 1124 mihi
1247 1083 1435 1124 reddere.
1497 1081 1580 1122 Ille
1601 1081 1735 1122 enim-

131 1164 232 1190 vero
253 1154 396 1205 negat,
419 1154 461 1190 et
482 1149 544 1190 ait
563 1149 794 1205 indignum
815 1148 979 1190 facinus
1001 1163 1089 1190 esse
1110 1149 1223 1203 quod
1244 1163 1323 1204 ego
1343 1148 1389 1188 in
1410 1152 1560 1189 senatu
1576 1146 1738 1187 Graeco

131 1216 260 1257 verba
281 1215 473 1257 fecissem
487 1230 496 1266 ;
529 1215 642 1270 quod
666 1214 839 1270 quidem
863 1214 976 1269 apud
1003 1213 1185 1254 Graecos
1211 1213 1371 1255 Graece
1400 1213 1566 1254 locutus
1590 1226 1736 1260 essem,

132 1281 177 1322 id
197 1281 301 1322 ferri
321 1281 440 1322 nullo
461 1281 585 1322 modo
606 1295 738 1335 posse.
800 1280 1021 1335 Respondi
1040 1279 1217 1328 homini,
1235 1284 1283 1319 ut
1303 1278 1436 1333 potui,
1459 1282 1507 1318 ut
1528 1277 1667 1325 debui,
1691 1281 1739 1317 ut

131 1346 260 1388 volui.
323 1346 466 1393 Quum
492 1345 641 1396 multa,
664 1351 759 1387 tum
779 1345 909 1387 etiam
935 1345 1015 1387 hoc
1038 1360 1107 1386 me
1127 1343 1305 1386 memini
1331 1344 1484 1393 dicere,
1507 1342 1631 1384 facile
1653 1356 1740 1383 esse

131 1412 403 1468 perspicuum
435 1417 644 1468 quantum
676 1411 789 1452 inter
820 1410 936 1453 hunc
969 1417 1011 1452 et
1042 1410 1167 1452 illum
1198 1409 1489 1458 Numidicum,
1511 1423 1662 1449 verum
1691 1422 1740 1449 ao

134 1493 387 1534 germanum
426 1477 664 1527 Metellum,
705 1477 952 1518 interesset:
994 1476 1119 1517 illum
1157 1475 1342 1517 noluisse
1382 1489 1457 1516 sua
1496 1473 1740 1515 laudatione

126 1544 279 1600 juvare
309 1544 358 1585 L.
391 1543 633 1593 Lucullum,
666 1542 820 1584 sororis
849 1542 1005 1592 virum,
1043 1541 1216 1597 quicum
1251 1540 1411 1595 optime
1447 1539 1737 1590 convenisset3

130 1609 246 1651 hunc
266 1609 432 1650 homini
452 1608 709 1650 alienissimo
730 1623 755 1649 a
771 1608 1016 1650 civitatibus
1036 1607 1398 1661 laudationesper
1411 1605 1499 1646 vim
1514 1610 1556 1646 et
1578 1609 1740 1646 metum

131 1689 386 1729 comparare.
421 1673 544 1720 Quod
564 1674 638 1715 ubi
658 1673 855 1715 intellexi
874 1673 1059 1714 multum
1079 1673 1194 1727 apud
1208 1671 1332 1713 illum
1347 1675 1535 1712 recentes
1550 1669 1736 1719 nuntios,

131 1739 317 1781 multum
347 1739 524 1781 tabellas
553 1754 639 1780 non
663 1738 1035 1780 commendaticias
1060 1738 1132 1779 sed
1159 1736 1406 1778 tributarias
1436 1735 1630 1784 valuisse,
1663 1734 1736 1775 ad-

131 1830 216 1871 good
232 1830 353 1861 service
369 1832 404 1860 to
420 1829 478 1860 the
494 1828 625 1859 ancient
640 1830 739 1865 texts,
749 1828 811 1859 but
827 1828 868 1859 he
883 1828 911 1858 is

131 1877 190 1905 not
203 1873 320 1914 always
333 1873 433 1913 right.
460 1872 493 1903 lt
509 1872 535 1902 is
551 1882 765 1912 unnecessary
775 1874 810 1902 to
822 1871 910 1902 show

131 1927 260 1948 reasons
284 1916 413 1956 against
436 1915 486 1945 his
502 1915 658 1955 proposed
681 1915 909 1955 punctuation.

131 1961 205 2001 Any
222 1970 282 1991 one
298 1959 370 1989 who
387 1959 451 1988 will
474 1958 551 1989 read
574 1958 631 1988 the
650 1957 786 1998 chapter
802 1960 909 1988 atten-

131 2004 233 2044 tively
250 2003 314 2033 will
331 2002 399 2033 find
421 2002 524 2033 them.
569 2001 637 2031 The
660 2004 731 2032 text
755 2001 792 2031 of
812 2000 911 2031 Klotz

132 2047 197 2078 and
220 2046 339 2077 Iordan
360 2045 472 2076 stands
493 2045 589 2075 thus:
615 2048 654 2074 ‘o
670 2044 834 2074 desertum
854 2043 909 2074 ho-

131 2091 264 2126 minem,
295 2089 513 2129 desperatum,
541 2087 703 2118 relietum.
748 2088 777 2117 A
807 2087 910 2126 inagi-

131 2136 241 2165 stratu
265 2132 383 2168 Siculo,
409 2132 469 2162 ne'
496 2132 551 2162 &tn
599 2130 632 2161 lt
659 2130 685 2160 is
712 2133 770 2161 not
794 2129 910 2160 denied

132 2177 208 2208 that
233 2176 301 2207 this
325 2176 351 2205 is
380 2175 498 2211 Latin;
530 2174 557 2205 it
584 2174 610 2204 is
640 2173 760 2213 proved
786 2173 827 2213 by
853 2173 910 2203 the

131 2220 260 2251 oration
291 2219 354 2249 Pro
388 2218 534 2256 Quintio,
562 2227 589 2247 c.
617 2218 669 2252 20,
696 2222 735 2246 ‘a
761 2218 910 2256 praetore

132 2263 282 2294 tribunos
312 2261 495 2302 appellare,’
526 2260 591 2291 and
620 2260 716 2290 other
751 2269 908 2299 passages.

132 2306 237 2337 There
260 2306 287 2336 is
310 2305 376 2336 also
399 2315 441 2335 no
464 2303 625 2344 objection
653 2306 688 2333 to
717 2302 909 2333 ‘relictum’

132 2349 211 2381 thus
235 2348 314 2379 used
343 2347 534 2388 absolutely.
582 2346 620 2377 111
646 2357 672 2376 c.
699 2347 738 2376 51
765 2345 858 2376 there
885 2345 911 2375 is

132 2396 249 2433 ‘quam
265 2392 403 2428 deserta,
420 2401 516 2431 quain
533 2389 667 2424 inculta,
684 2399 780 2429 quain
797 2388 910 2419 relicta

133 2435 263 2466 omnia!
309 2434 490 2469 Manutius,
506 2444 540 2463 so
556 2433 606 2463 far
626 2443 660 2463 as
684 2432 697 2462 l
720 2442 779 2462 can
796 2431 911 2462 collect

132 2479 216 2509 from
240 2478 290 2508 his
313 2480 547 2516 commentary,
563 2476 614 2505 for
639 2475 653 2505 I
678 2475 759 2505 have
779 2478 837 2506 not
860 2475 911 2505 his

132 2522 266 2558 edition,
292 2520 385 2551 made
408 2520 465 2551 the
491 2519 594 2549 words
618 2519 665 2548 ‘A
692 2517 908 2558 magistratu'

132 2565 230 2605 begin
246 2574 265 2595 a
280 2567 442 2600 sentence,
459 2562 523 2593 and
539 2561 708 2602 explained
723 2561 750 2592 it
766 2572 800 2592 as
816 2561 909 2592 Mad-

132 2608 189 2648 vig
204 2607 289 2638 does.

176 2651 229 2681 66.
254 2649 422 2681 Postridie
444 2647 554 2690 mane]
602 2648 660 2679 See
678 2647 749 2678 Lib.
766 2648 796 2678 1.
813 2658 840 2678 c.
857 2646 909 2684 27,

132 2694 198 2725 and
215 2693 286 2723 Lib.
303 2694 333 2723 2.
349 2704 377 2723 e.
394 2694 445 2723 38.

176 2737 211 2767 in
233 2738 349 2767 senata
377 2734 522 2775 Graeco]
570 2734 740 2764 Hotinaun
756 2736 870 2774 quotes
892 2744 911 2764 a

133 2790 268 2821 passage
291 2779 374 2809 from
395 2778 542 2808 Valerius
566 2777 728 2808 Maximus
745 2777 792 2818 (ii.
808 2778 839 2814 2,
856 2776 910 2817 2):

134 2823 374 2863 “magistratus
387 2832 462 2852 vero
474 2821 569 2862 prisci
580 2822 703 2861 quanto
715 2830 809 2860 opere
820 2830 911 2851 sumn

134 2866 313 2907 Populique
325 2864 463 2895 Romani
476 2864 680 2905 majestatem
691 2864 870 2895 retinentes
880 2874 912 2894 se

955 1827 1126 1868 gesserint,
1142 1827 1219 1858 hinc
1235 1826 1384 1867 cognosci
1400 1828 1506 1866 potest
1520 1838 1528 1861 ;
1548 1824 1634 1865 qnod
1649 1824 1737 1856 inter

955 1874 1063 1901 cetera
1087 1870 1282 1901 obtinendae
1306 1869 1480 1910 gravitatis
1503 1868 1632 1903 indicia,
1655 1868 1736 1898 illud

955 1924 1082 1953 quoque
1098 1924 1217 1954 inagna
1229 1923 1301 1943 cum
1318 1912 1557 1952 perseverantia
1574 1911 1734 1941 custodie-

954 1957 1046 1992 bant,
1069 1966 1109 1986 ne
1135 1956 1265 1987 Graecis
1292 1965 1434 1995 unquam
1458 1955 1520 1985 nisi
1545 1954 1662 1984 Latine
1686 1965 1734 1985 re-

955 2010 1069 2040 sponsa
1084 1999 1236 2035 darent,'’
1253 2000 1308 2029 ἃς.
1355 2000 1413 2028 See
1431 1998 1524 2038 Livy,
1542 2000 1593 2028 45.
1611 2008 1638 2027 e.
1655 1999 1708 2028 29.

1000 2041 1236 2082 Numidiemn,]
1264 2043 1303 2078 Q.
1320 2040 1477 2072 Caecilius
1494 2041 1647 2072 Metellus
1663 2040 1733 2071 Nn-

954 2086 1101 2121 niidieus,
1109 2085 1181 2115 who
1193 2084 1403 2115 eonnnanded
1414 2085 1447 2115 in
1457 2084 1515 2115 the
1527 2095 1593 2115 war
1603 2084 1733 2123 against

954 2129 974 2159 J
979 2129 1134 2169 ugurtha,
1146 2128 1256 2158 consul
1275 2136 1337 2158 1³.st
1353 2129 1424 2159 109.
1461 2127 1521 2158 His
1537 2128 1632 2158 sister
1647 2138 1732 2158 inar-

955 2172 1024 2202 ried
1041 2172 1078 2202 L.
1097 2171 1261 2207 Lucullus,
1278 2171 1335 2202 the
1351 2171 1460 2201 suthm-
1482 2171 1519 2201 of
1537 2171 1594 2202 the
1613 2171 1649 2201 L.
1668 2171 1731 2201 Lu-

955 2215 1058 2245 cullus
1074 2215 1146 2245 who
1162 2225 1226 2245 was
1249 2225 1320 2244 now
1339 2215 1417 2254 (11.0.
1434 2214 1490 2254 70)
1515 2214 1668 2254 carrying
1690 2224 1731 2245 011

955 2258 1012 2289 the
1029 2269 1094 2288 war
1110 2258 1239 2298 against
1257 2257 1478 2288 Mithridates.
1517 2257 1594 2288 This
1612 2257 1648 2287 L.
1667 2257 1732 2288 Lu-

955 2301 1068 2337 cullus,
1093 2301 1150 2332 the
1172 2301 1292 2337 father,
1316 2311 1380 2331 was
1402 2301 1593 2341 prosecuted
1616 2300 1657 2341 by
1675 2301 1732 2332 the

955 2355 1060 2385 augur
1076 2344 1115 2382 Q.
1133 2344 1287 2375 Servilius
1303 2344 1353 2374 for
1368 2344 1551 2384 peculation
1569 2344 1733 2384 (κλοπῆς),

955 2388 1020 2419 and
1043 2387 1213 2418 eonvicted
1239 2387 1423 2427 (Plutarch,
1449 2387 1616 2423 Lucullus
1638 2398 1665 2417 c.
1688 2388 1733 2428 1).

957 2431 990 2462 lt
1005 2441 1139 2471 appears
1155 2431 1229 2462 that
1241 2430 1394 2462 Metellus
1409 2430 1538 2461 refused
1553 2434 1588 2461 to
1603 2430 1698 2461 make
1714 2441 1734 2462 a.

955 2474 1126 2515 laudatory
1150 2474 1276 2515 speech,
1300 2485 1336 2504 01·
1360 2476 1396 2505 to
1419 2474 1493 2514 give
1516 2474 1668 2505 evidence
1699 2474 1733 2505 in

953 2518 1068 2548 favour
1083 2518 1120 2548 of
1131 2517 1180 2548 his
1195 2517 1469 2548 brother-in-law.

1003 2561 1096 2600 Quod
1125 2561 1180 2591 ube?
1207 2560 1371 2601 intelleoei]
1428 2565 1436 2578 ‘
1453 2560 1547 2599 Quod
1571 2571 1630 2600 pro
1654 2560 1734 2598 sed‚'

954 2615 1025 2645 says
1050 2604 1231 2641 Manutius,
1249 2604 1299 2634 for
1323 2604 1380 2634 the
1403 2604 1519 2634 second
1543 2604 1623 2634 time
1636 2616 1645 2639 ;
1669 2603 1734 2634 and

954 2647 994 2678 he
1019 2648 1119 2678 refers
1145 2651 1180 2678 to
1207 2651 1273 2678 two
1297 2647 1392 2677 other
1417 2647 1590 2682 iustaueeS,
1614 2657 1674 2677 one
1701 2646 1739 2678 of

953 2690 1059 2721 which
1086 2691 1113 2721 is
1135 2690 1206 2721 Lib.
1227 2691 1256 2721 1.
1278 2700 1305 2720 e.
1330 2690 1382 2726 46,
1408 2689 1512 2729 ‘quod
1536 2700 1591 2719 vos
1617 2689 1735 2720 oblitos

955 2734 1043 2771 esse,'
1067 2734 1123 2765 ἃς.
1170 2734 1228 2764 See
1259 2733 1290 2767 ii.
1318 2734 1348 2768 2.
1376 2744 1404 2768 c,
1432 2733 1483 2765 26.
1530 2732 1598 2768 The
1623 2743 1678 2764 use
1702 2732 1740 2765 of

957 2781 964 2794 ‘
976 2777 1062 2818 quod
1072 2777 1081 2790 ’
1097 2776 1246 2810 misleads
1261 2786 1357 2816 many
1375 2776 1495 2810 crities.

1000 2820 1160 2861 tabellas]
1209 2820 1340 2859 Zumpt,
1357 2819 1389 2849 in
1406 2819 1456 2850 his
1478 2819 1585 2859 larger
1601 2819 1735 2855 edition,

956 2864 1080 2904 prefers
1103 2863 1261 2899 <tabellas
1274 2862 1282 2875 '
1304 2866 1339 2898 to
1355 2862 1412 2897 the
1428 2872 1576 2894 common
1599 2862 1737 2902 reading

862 2908 1008 2955 Mm2
