<?xml version="1.0" encoding="UTF-8"?>
<!DOCTYPE html PUBLIC "-//W3C//DTD XHTML 1.0 Transitional//EN"
    "http://www.w3.org/TR/xhtml1/DTD/xhtml1-transitional.dtd">
<html xmlns="http://www.w3.org/1999/xhtml" xml:lang="en" lang="en">
 <head>
  <title>
</title>
<meta http-equiv="Content-Type" content="text/html;charset=utf-8" />
  <meta name='ocr-system' content='tesseract 3.04.00' />
  <meta name='ocr-capabilities' content='ocr_page ocr_carea ocr_par ocr_line ocrx_word'/>
</head>
<body>
  <div class='ocr_page' id='page_1' title='image "./orationeswithcom01ciceuoft/orationeswithcom01ciceuoft_0385.png"; bbox 0 0 1849 3167; ppageno 0'>
   <div class='ocr_carea' id='block_1_1' title="bbox 532 100 1712 146">
    <p class='ocr_par' dir='ltr' id='par_1_1' title="bbox 532 100 1712 146">
     <span class='ocr_line' id='line_1_1' title="bbox 532 100 1712 146; baseline 0 -1"><span class='ocrx_word' id='word_1_1' title='bbox 532 102 659 145; x_wconf 82' lang='lat' dir='ltr'>AGT.</span> <span class='ocrx_word' id='word_1_2' title='bbox 692 102 756 144; x_wconf 87' lang='grc' dir='ltr'>ΙΙ.</span> <span class='ocrx_word' id='word_1_3' title='bbox 788 101 976 143; x_wconf 86' lang='lat' dir='ltr'>LIBER</span> <span class='ocrx_word' id='word_1_4' title='bbox 1005 100 1275 144; x_wconf 84' lang='lat' dir='ltr'>TERTIUS.</span> <span class='ocrx_word' id='word_1_5' title='bbox 1628 104 1712 146; x_wconf 81' lang='lat'>367</span> 
     </span>
    </p>
   </div>
   <div class='ocr_carea' id='block_1_2' title="bbox 100 215 1716 2367">
    <p class='ocr_par' dir='ltr' id='par_1_2' title="bbox 100 215 1716 2222">
     <span class='ocr_line' id='line_1_2' title="bbox 108 215 1714 273; baseline 0.001 -16"><span class='ocrx_word' id='word_1_6' title='bbox 108 231 242 272; x_wconf 87' lang='lat' dir='ltr'>quum</span> <span class='ocrx_word' id='word_1_7' title='bbox 261 215 352 272; x_wconf 90' lang='lat' dir='ltr'>ejus</span> <span class='ocrx_word' id='word_1_8' title='bbox 373 215 565 257; x_wconf 87' lang='lat' dir='ltr'>animum</span> <span class='ocrx_word' id='word_1_9' title='bbox 585 218 640 258; x_wconf 86' lang='lat' dir='ltr'>ad</span> <span class='ocrx_word' id='word_1_10' title='bbox 659 216 1000 273; x_wconf 88' lang='lat' dir='ltr'>persequendum</span> <span class='ocrx_word' id='word_1_11' title='bbox 1019 231 1106 258; x_wconf 87' lang='lat' dir='ltr'>non</span> <span class='ocrx_word' id='word_1_12' title='bbox 1126 216 1396 272; x_wconf 82' lang='lat' dir='ltr'>negligentia</span> <span class='ocrx_word' id='word_1_13' title='bbox 1416 218 1617 267; x_wconf 79' lang='lat' dir='ltr'><strong>tardaret,</strong></span> <span class='ocrx_word' id='word_1_14' title='bbox 1641 219 1714 259; x_wconf 87' lang='lat' dir='ltr'>sed</span> 
     </span>
     <span class='ocr_line' id='line_1_3' title="bbox 107 282 1714 337; baseline 0 -13"><span class='ocrx_word' id='word_1_15' title='bbox 107 282 366 324; x_wconf 90' lang='lat' dir='ltr'>conscientia</span> <span class='ocrx_word' id='word_1_16' title='bbox 407 283 574 324; x_wconf 87' lang='lat' dir='ltr'>sceleris</span> <span class='ocrx_word' id='word_1_17' title='bbox 614 282 902 337; x_wconf 78' lang='lat' dir='ltr'>avaritiaeque</span> <span class='ocrx_word' id='word_1_18' title='bbox 942 297 1041 324; x_wconf 87' lang='lat' dir='ltr'>suae</span> <span class='ocrx_word' id='word_1_19' title='bbox 1081 282 1328 324; x_wconf 75' lang='lat' dir='ltr'>refrenaret.</span> <span class='ocrx_word' id='word_1_20' title='bbox 1409 282 1714 337; x_wconf 86' lang='lat' dir='ltr'>Loquebantur</span> 
     </span>
     <span class='ocr_line' id='line_1_4' title="bbox 108 348 1712 403; baseline 0 -14"><span class='ocrx_word' id='word_1_21' title='bbox 108 348 224 390; x_wconf 89' lang='lat' dir='ltr'>enim</span> <span class='ocrx_word' id='word_1_22' title='bbox 244 348 469 389; x_wconf 86' lang='lat' dir='ltr'>decumani</span> <span class='ocrx_word' id='word_1_23' title='bbox 490 348 645 403; x_wconf 78' lang='lat' dir='ltr'>palam,</span> <span class='ocrx_word' id='word_1_24' title='bbox 672 353 714 389; x_wconf 88' lang='lat' dir='ltr'>et</span> <span class='ocrx_word' id='word_1_25' title='bbox 734 353 903 402; x_wconf 86' lang='lat' dir='ltr'>praeter</span> <span class='ocrx_word' id='word_1_26' title='bbox 924 353 1083 389; x_wconf 86' lang='lat' dir='ltr'>ceteros</span> <span class='ocrx_word' id='word_1_27' title='bbox 1105 348 1140 389; x_wconf 92' lang='lat' dir='ltr'>is</span> <span class='ocrx_word' id='word_1_28' title='bbox 1161 348 1237 403; x_wconf 90' lang='lat' dir='ltr'>qui</span> <span class='ocrx_word' id='word_1_29' title='bbox 1269 348 1381 403; x_wconf 86' lang='lat' dir='ltr'>apud</span> <span class='ocrx_word' id='word_1_30' title='bbox 1413 348 1545 389; x_wconf 83' lang='lat' dir='ltr'>istum</span> <span class='ocrx_word' id='word_1_31' title='bbox 1578 349 1712 403; x_wconf 78' lang='lat' dir='ltr'>pluri-</span> 
     </span>
     <span class='ocr_line' id='line_1_5' title="bbox 107 412 1711 468; baseline 0 -14"><span class='ocrx_word' id='word_1_32' title='bbox 107 428 226 454; x_wconf 89' lang='lat' dir='ltr'>mum</span> <span class='ocrx_word' id='word_1_33' title='bbox 257 418 426 468; x_wconf 87' lang='lat' dir='ltr'>poterat</span> <span class='ocrx_word' id='word_1_34' title='bbox 457 413 749 468; x_wconf 79' lang='lat' dir='ltr'>maximosque</span> <span class='ocrx_word' id='word_1_35' title='bbox 785 428 909 468; x_wconf 85' lang='lat' dir='ltr'>agros</span> <span class='ocrx_word' id='word_1_36' title='bbox 944 412 1242 468; x_wconf 73' lang='lat' dir='ltr'>populabatur,</span> <span class='ocrx_word' id='word_1_37' title='bbox 1275 413 1505 468; x_wconf 82' lang='lat' dir='ltr'>Apronius,</span> <span class='ocrx_word' id='word_1_38' title='bbox 1538 429 1711 468; x_wconf 85' lang='lat' dir='ltr'>perpar-</span> 
     </span>
     <span class='ocr_line' id='line_1_6' title="bbox 107 477 1711 534; baseline -0.001 -14"><span class='ocrx_word' id='word_1_39' title='bbox 107 493 210 520; x_wconf 74' lang='lat' dir='ltr'>vum</span> <span class='ocrx_word' id='word_1_40' title='bbox 231 493 284 519; x_wconf 79' lang='lat' dir='ltr'>ex</span> <span class='ocrx_word' id='word_1_41' title='bbox 305 478 390 519; x_wconf 85' lang='lat' dir='ltr'>illis</span> <span class='ocrx_word' id='word_1_42' title='bbox 411 479 579 534; x_wconf 85' lang='lat' dir='ltr'>magnis</span> <span class='ocrx_word' id='word_1_43' title='bbox 600 478 729 520; x_wconf 89' lang='lat' dir='ltr'>lucris</span> <span class='ocrx_word' id='word_1_44' title='bbox 750 479 804 519; x_wconf 86' lang='lat' dir='ltr'>ad</span> <span class='ocrx_word' id='word_1_45' title='bbox 824 493 867 520; x_wconf 94' lang='lat' dir='ltr'>se</span> <span class='ocrx_word' id='word_1_46' title='bbox 887 477 1136 533; x_wconf 82' lang='lat' dir='ltr'>pervenire3</span> <span class='ocrx_word' id='word_1_47' title='bbox 1168 484 1407 534; x_wconf 75' lang='lat' dir='ltr'>praetorem</span> <span class='ocrx_word' id='word_1_48' title='bbox 1430 494 1517 520; x_wconf 88' lang='lat' dir='ltr'>esse</span> <span class='ocrx_word' id='word_1_49' title='bbox 1538 480 1711 520; x_wconf 79' lang='lat' dir='ltr'>socium.</span> 
     </span>
     <span class='ocr_line' id='line_1_7' title="bbox 107 543 1714 599; baseline 0 -15"><span class='ocrx_word' id='word_1_50' title='bbox 107 543 203 584; x_wconf 90' lang='lat' dir='ltr'>Hoc</span> <span class='ocrx_word' id='word_1_51' title='bbox 235 558 368 598; x_wconf 89' lang='lat' dir='ltr'>quum</span> <span class='ocrx_word' id='word_1_52' title='bbox 402 544 546 598; x_wconf 87' lang='lat' dir='ltr'>palam</span> <span class='ocrx_word' id='word_1_53' title='bbox 577 543 801 586; x_wconf 87' lang='lat' dir='ltr'>decumani</span> <span class='ocrx_word' id='word_1_54' title='bbox 827 548 917 584; x_wconf 90' lang='lat' dir='ltr'>tota</span> <span class='ocrx_word' id='word_1_55' title='bbox 949 543 1171 598; x_wconf 87' lang='lat' dir='ltr'>provincia</span> <span class='ocrx_word' id='word_1_56' title='bbox 1202 544 1478 599; x_wconf 81' lang='lat' dir='ltr'>loquerentur</span> <span class='ocrx_word' id='word_1_57' title='bbox 1508 549 1714 599; x_wconf 89' lang='lat' dir='ltr'>tuumque</span> 
     </span>
     <span class='ocr_line' id='line_1_8' title="bbox 107 608 1715 664; baseline 0.001 -15"><span class='ocrx_word' id='word_1_58' title='bbox 107 624 263 649; x_wconf 89' lang='lat' dir='ltr'>nomen</span> <span class='ocrx_word' id='word_1_59' title='bbox 285 608 331 649; x_wconf 89' lang='lat' dir='ltr'>in</span> <span class='ocrx_word' id='word_1_60' title='bbox 352 624 396 650; x_wconf 91' lang='lat' dir='ltr'>re</span> <span class='ocrx_word' id='word_1_61' title='bbox 418 614 507 650; x_wconf 87' lang='lat' dir='ltr'>tam</span> <span class='ocrx_word' id='word_1_62' title='bbox 527 608 644 664; x_wconf 80' lang='lat' dir='ltr'>turpi</span> <span class='ocrx_word' id='word_1_63' title='bbox 663 608 910 664; x_wconf 87' lang='lat' dir='ltr'>nefariaque</span> <span class='ocrx_word' id='word_1_64' title='bbox 931 608 1266 664; x_wconf 80' lang='lat' dir='ltr'>interponerent,</span> <span class='ocrx_word' id='word_1_65' title='bbox 1289 609 1456 650; x_wconf 86' lang='lat' dir='ltr'>nihilne</span> <span class='ocrx_word' id='word_1_66' title='bbox 1486 609 1566 650; x_wconf 88' lang='lat' dir='ltr'>tibi</span> <span class='ocrx_word' id='word_1_67' title='bbox 1595 609 1715 650; x_wconf 79' lang='lat' dir='ltr'>venit</span> 
     </span>
     <span class='ocr_line' id='line_1_9' title="bbox 107 674 1715 730; baseline 0.001 -16"><span class='ocrx_word' id='word_1_68' title='bbox 107 674 153 715; x_wconf 91' lang='lat' dir='ltr'>in</span> <span class='ocrx_word' id='word_1_69' title='bbox 187 680 376 715; x_wconf 88' lang='lat' dir='ltr'>mentem</span> <span class='ocrx_word' id='word_1_70' title='bbox 412 674 719 716; x_wconf 74' lang='lat' dir='ltr'>existimationi</span> <span class='ocrx_word' id='word_1_71' title='bbox 752 679 851 716; x_wconf 87' lang='lat' dir='ltr'>tuae</span> <span class='ocrx_word' id='word_1_72' title='bbox 879 675 1109 724; x_wconf 89' lang='lat' dir='ltr'>consulere,</span> <span class='ocrx_word' id='word_1_73' title='bbox 1143 675 1256 716; x_wconf 90' lang='lat' dir='ltr'>nihil</span> <span class='ocrx_word' id='word_1_74' title='bbox 1289 675 1474 730; x_wconf 87' lang='lat' dir='ltr'>denique</span> <span class='ocrx_word' id='word_1_75' title='bbox 1506 674 1636 730; x_wconf 86' lang='lat' dir='ltr'>capiti</span> <span class='ocrx_word' id='word_1_76' title='bbox 1667 690 1715 716; x_wconf 91' lang='lat' dir='ltr'>ac</span> 
     </span>
     <span class='ocr_line' id='line_1_10' title="bbox 108 739 1713 795; baseline -0.001 -14"><span class='ocrx_word' id='word_1_77' title='bbox 108 739 291 781; x_wconf 88' lang='lat' dir='ltr'>fortunis</span> <span class='ocrx_word' id='word_1_78' title='bbox 312 740 397 781; x_wconf 88' lang='lat' dir='ltr'>tuis</span> <span class='ocrx_word' id='word_1_79' title='bbox 418 740 679 795; x_wconf 77' lang='lat' dir='ltr'>providere?</span> <span class='ocrx_word' id='word_1_80' title='bbox 710 756 843 795; x_wconf 91' lang='lat' dir='ltr'>quum</span> <span class='ocrx_word' id='word_1_81' title='bbox 863 740 929 782; x_wconf 91' lang='lat' dir='ltr'>tui</span> <span class='ocrx_word' id='word_1_82' title='bbox 949 740 1135 782; x_wconf 90' lang='lat' dir='ltr'>nominis</span> <span class='ocrx_word' id='word_1_83' title='bbox 1166 746 1305 782; x_wconf 87' lang='lat' dir='ltr'>terror</span> <span class='ocrx_word' id='word_1_84' title='bbox 1337 740 1384 781; x_wconf 89' lang='lat' dir='ltr'>in</span> <span class='ocrx_word' id='word_1_85' title='bbox 1417 740 1589 782; x_wconf 85' lang='lat' dir='ltr'>auribus</span> <span class='ocrx_word' id='word_1_86' title='bbox 1622 739 1713 781; x_wconf 94' lang='lat' dir='ltr'>ani-</span> 
     </span>
     <span class='ocr_line' id='line_1_11' title="bbox 107 805 1715 862; baseline 0 -16"><span class='ocrx_word' id='word_1_87' title='bbox 107 805 272 861; x_wconf 90' lang='lat' dir='ltr'>misque</span> <span class='ocrx_word' id='word_1_88' title='bbox 308 810 523 847; x_wconf 88' lang='lat' dir='ltr'>aratorum</span> <span class='ocrx_word' id='word_1_89' title='bbox 559 812 812 856; x_wconf 85' lang='lat' dir='ltr'>versaretur,</span> <span class='ocrx_word' id='word_1_90' title='bbox 847 822 979 862; x_wconf 91' lang='lat' dir='ltr'>quum</span> <span class='ocrx_word' id='word_1_91' title='bbox 1011 806 1237 848; x_wconf 83' lang='lat' dir='ltr'>decumani</span> <span class='ocrx_word' id='word_1_92' title='bbox 1269 806 1504 847; x_wconf 87' lang='lat' dir='ltr'>aratoribus</span> <span class='ocrx_word' id='word_1_93' title='bbox 1536 807 1590 847; x_wconf 86' lang='lat' dir='ltr'>ad</span> <span class='ocrx_word' id='word_1_94' title='bbox 1618 821 1715 861; x_wconf 85' lang='lat' dir='ltr'>pac-</span> 
     </span>
     <span class='ocr_line' id='line_1_12' title="bbox 106 870 1713 926; baseline 0.001 -15"><span class='ocrx_word' id='word_1_95' title='bbox 106 871 244 912; x_wconf 89' lang='lat' dir='ltr'>tiones</span> <span class='ocrx_word' id='word_1_96' title='bbox 265 870 478 912; x_wconf 84' lang='lat' dir='ltr'>faciendas</span> <span class='ocrx_word' id='word_1_97' title='bbox 500 886 584 912; x_wconf 91' lang='lat' dir='ltr'>non</span> <span class='ocrx_word' id='word_1_98' title='bbox 607 886 726 912; x_wconf 90' lang='lat' dir='ltr'>suam</span> <span class='ocrx_word' id='word_1_99' title='bbox 748 871 837 912; x_wconf 88' lang='lat' dir='ltr'>vim</span> <span class='ocrx_word' id='word_1_100' title='bbox 857 872 931 912; x_wconf 89' lang='lat' dir='ltr'>sed</span> <span class='ocrx_word' id='word_1_101' title='bbox 950 877 1074 912; x_wconf 89' lang='lat' dir='ltr'>tuum</span> <span class='ocrx_word' id='word_1_102' title='bbox 1095 872 1230 914; x_wconf 87' lang='lat' dir='ltr'>scelus</span> <span class='ocrx_word' id='word_1_103' title='bbox 1262 887 1310 913; x_wconf 89' lang='lat' dir='ltr'>ac</span> <span class='ocrx_word' id='word_1_104' title='bbox 1342 886 1498 913; x_wconf 90' lang='lat' dir='ltr'>nomen</span> <span class='ocrx_word' id='word_1_105' title='bbox 1531 886 1713 926; x_wconf 89' lang='lat' dir='ltr'>oppone-</span> 
     </span>
     <span class='ocr_line' id='line_1_13' title="bbox 107 936 1713 992; baseline 0 -15"><span class='ocrx_word' id='word_1_106' title='bbox 107 942 216 977; x_wconf 85' lang='lat' dir='ltr'>rent.</span> <span class='ocrx_word' id='word_1_107' title='bbox 278 936 455 991; x_wconf 87' lang='lat' dir='ltr'>Ecquod</span> <span class='ocrx_word' id='word_1_108' title='bbox 485 936 698 992; x_wconf 87' lang='lat' dir='ltr'>judicium</span> <span class='ocrx_word' id='word_1_109' title='bbox 733 936 895 978; x_wconf 85' lang='lat' dir='ltr'>Romae</span> <span class='ocrx_word' id='word_1_110' title='bbox 930 942 1020 978; x_wconf 89' lang='lat' dir='ltr'>tam</span> <span class='ocrx_word' id='word_1_111' title='bbox 1055 937 1320 986; x_wconf 88' lang='lat' dir='ltr'>dissolutum,</span> <span class='ocrx_word' id='word_1_112' title='bbox 1355 942 1445 977; x_wconf 89' lang='lat' dir='ltr'>tam</span> <span class='ocrx_word' id='word_1_113' title='bbox 1483 937 1713 992; x_wconf 88' lang='lat' dir='ltr'>perditum,</span> 
     </span>
     <span class='ocr_line' id='line_1_14' title="bbox 107 1001 1715 1059; baseline -0.001 -16"><span class='ocrx_word' id='word_1_114' title='bbox 107 1007 197 1043; x_wconf 88' lang='lat' dir='ltr'>tam</span> <span class='ocrx_word' id='word_1_115' title='bbox 216 1002 505 1043; x_wconf 87' lang='lat' dir='ltr'>nummarium</span> <span class='ocrx_word' id='word_1_116' title='bbox 525 1002 615 1044; x_wconf 89' lang='lat' dir='ltr'>fore</span> <span class='ocrx_word' id='word_1_117' title='bbox 630 1002 804 1057; x_wconf 88' lang='lat' dir='ltr'>putasti,</span> <span class='ocrx_word' id='word_1_118' title='bbox 828 1018 910 1058; x_wconf 87' lang='lat' dir='ltr'>quo</span> <span class='ocrx_word' id='word_1_119' title='bbox 932 1018 986 1044; x_wconf 81' lang='lat' dir='ltr'>ex</span> <span class='ocrx_word' id='word_1_120' title='bbox 1002 1003 1166 1059; x_wconf 86' lang='lat' dir='ltr'>judicio</span> <span class='ocrx_word' id='word_1_121' title='bbox 1198 1007 1240 1043; x_wconf 89' lang='lat' dir='ltr'>te</span> <span class='ocrx_word' id='word_1_122' title='bbox 1271 1002 1360 1042; x_wconf 90' lang='lat' dir='ltr'>ulla</span> <span class='ocrx_word' id='word_1_123' title='bbox 1392 1001 1515 1043; x_wconf 79' lang='lat' dir='ltr'>Salus</span> <span class='ocrx_word' id='word_1_124' title='bbox 1548 1017 1715 1043; x_wconf 74' lang='lat' dir='ltr'>servare</span> 
     </span>
     <span class='ocr_line' id='line_1_15' title="bbox 106 1067 1714 1122; baseline -0.001 -14"><span class='ocrx_word' id='word_1_125' title='bbox 106 1072 258 1122; x_wconf 88' lang='lat' dir='ltr'>posset,</span> <span class='ocrx_word' id='word_1_126' title='bbox 281 1082 414 1122; x_wconf 90' lang='lat' dir='ltr'>quum</span> <span class='ocrx_word' id='word_1_127' title='bbox 434 1067 612 1122; x_wconf 87' lang='lat' dir='ltr'>planum</span> <span class='ocrx_word' id='word_1_128' title='bbox 632 1068 752 1109; x_wconf 91' lang='lat' dir='ltr'>fieret</span> <span class='ocrx_word' id='word_1_129' title='bbox 773 1068 960 1109; x_wconf 79' lang='lat' dir='ltr'>decumis</span> <span class='ocrx_word' id='word_1_130' title='bbox 981 1074 1129 1111; x_wconf 87' lang='lat' dir='ltr'>contra</span> <span class='ocrx_word' id='word_1_131' title='bbox 1149 1067 1360 1117; x_wconf 85' lang='lat' dir='ltr'>instituta,</span> <span class='ocrx_word' id='word_1_132' title='bbox 1389 1067 1518 1122; x_wconf 86' lang='lat' dir='ltr'>leges,</span> <span class='ocrx_word' id='word_1_133' title='bbox 1541 1082 1714 1108; x_wconf 87' lang='lat' dir='ltr'>consue-</span> 
     </span>
     <span class='ocr_line' id='line_1_16' title="bbox 106 1131 1714 1187; baseline -0.001 -13"><span class='ocrx_word' id='word_1_134' title='bbox 106 1133 385 1187; x_wconf 86' lang='lat' dir='ltr'>tudinemque</span> <span class='ocrx_word' id='word_1_135' title='bbox 406 1133 597 1173; x_wconf 87' lang='lat' dir='ltr'>omnium</span> <span class='ocrx_word' id='word_1_136' title='bbox 626 1133 825 1182; x_wconf 88' lang='lat' dir='ltr'>venditis,</span> <span class='ocrx_word' id='word_1_137' title='bbox 848 1132 894 1173; x_wconf 86' lang='lat' dir='ltr'>in</span> <span class='ocrx_word' id='word_1_138' title='bbox 917 1138 1133 1174; x_wconf 86' lang='lat' dir='ltr'>aratorum</span> <span class='ocrx_word' id='word_1_139' title='bbox 1162 1133 1283 1174; x_wconf 93' lang='lat' dir='ltr'>bonis</span> <span class='ocrx_word' id='word_1_140' title='bbox 1315 1132 1581 1186; x_wconf 83' lang='lat' dir='ltr'>fortunisque</span> <span class='ocrx_word' id='word_1_141' title='bbox 1611 1131 1714 1172; x_wconf 91' lang='lat' dir='ltr'>diri-</span> 
     </span>
     <span class='ocr_line' id='line_1_17' title="bbox 106 1198 1713 1254; baseline -0.001 -15"><span class='ocrx_word' id='word_1_142' title='bbox 106 1198 274 1254; x_wconf 87' lang='lat' dir='ltr'>piendis</span> <span class='ocrx_word' id='word_1_143' title='bbox 290 1199 543 1239; x_wconf 86' lang='lat' dir='ltr'>decumanos</span> <span class='ocrx_word' id='word_1_144' title='bbox 564 1198 780 1239; x_wconf 83' lang='lat' dir='ltr'>dictitasse</span> <span class='ocrx_word' id='word_1_145' title='bbox 800 1204 895 1239; x_wconf 89' lang='lat' dir='ltr'>tuas</span> <span class='ocrx_word' id='word_1_146' title='bbox 916 1214 1003 1240; x_wconf 89' lang='lat' dir='ltr'>esse</span> <span class='ocrx_word' id='word_1_147' title='bbox 1024 1204 1179 1254; x_wconf 86' lang='lat' dir='ltr'>partes,</span> <span class='ocrx_word' id='word_1_148' title='bbox 1201 1203 1321 1239; x_wconf 86' lang='lat' dir='ltr'>tuam</span> <span class='ocrx_word' id='word_1_149' title='bbox 1341 1212 1444 1247; x_wconf 91' lang='lat' dir='ltr'>rem,</span> <span class='ocrx_word' id='word_1_150' title='bbox 1459 1202 1577 1238; x_wconf 86' lang='lat' dir='ltr'>tuam</span> <span class='ocrx_word' id='word_1_151' title='bbox 1593 1212 1713 1252; x_wconf 90' lang='lat' dir='ltr'>prae-</span> 
     </span>
     <span class='ocr_line' id='line_1_18' title="bbox 106 1262 1716 1318; baseline -0.001 -14"><span class='ocrx_word' id='word_1_152' title='bbox 106 1264 218 1313; x_wconf 89' lang='lat' dir='ltr'>dam,</span> <span class='ocrx_word' id='word_1_153' title='bbox 244 1263 372 1318; x_wconf 90' lang='lat' dir='ltr'>idque</span> <span class='ocrx_word' id='word_1_154' title='bbox 403 1268 446 1304; x_wconf 92' lang='lat' dir='ltr'>te</span> <span class='ocrx_word' id='word_1_155' title='bbox 477 1263 670 1313; x_wconf 82' lang='lat' dir='ltr'>tacuisse,</span> <span class='ocrx_word' id='word_1_156' title='bbox 700 1268 755 1313; x_wconf 89' lang='lat' dir='ltr'>et,</span> <span class='ocrx_word' id='word_1_157' title='bbox 789 1278 922 1318; x_wconf 87' lang='lat' dir='ltr'>quum</span> <span class='ocrx_word' id='word_1_158' title='bbox 942 1264 1208 1305; x_wconf 89' lang='lat' dir='ltr'>dissimulare</span> <span class='ocrx_word' id='word_1_159' title='bbox 1234 1278 1320 1304; x_wconf 89' lang='lat' dir='ltr'>non</span> <span class='ocrx_word' id='word_1_160' title='bbox 1347 1278 1499 1317; x_wconf 77' lang='lat' dir='ltr'>posseS,</span> <span class='ocrx_word' id='word_1_161' title='bbox 1530 1262 1716 1317; x_wconf 87' lang='lat' dir='ltr'>potuisse</span> 
     </span>
     <span class='ocr_line' id='line_1_19' title="bbox 105 1327 1716 1384; baseline -0.002 -14"><span class='ocrx_word' id='word_1_162' title='bbox 105 1333 249 1370; x_wconf 88' lang='lat' dir='ltr'>tamen</span> <span class='ocrx_word' id='word_1_163' title='bbox 270 1328 436 1384; x_wconf 89' lang='lat' dir='ltr'>perpeti</span> <span class='ocrx_word' id='word_1_164' title='bbox 456 1333 498 1369; x_wconf 92' lang='lat' dir='ltr'>et</span> <span class='ocrx_word' id='word_1_165' title='bbox 518 1328 718 1383; x_wconf 89' lang='lat' dir='ltr'>perferre,</span> <span class='ocrx_word' id='word_1_166' title='bbox 741 1329 855 1384; x_wconf 92' lang='lat' dir='ltr'>quod</span> <span class='ocrx_word' id='word_1_167' title='bbox 875 1329 1127 1384; x_wconf 82' lang='lat' dir='ltr'>magnitudo</span> <span class='ocrx_word' id='word_1_168' title='bbox 1147 1328 1256 1369; x_wconf 88' lang='lat' dir='ltr'>lucri</span> <span class='ocrx_word' id='word_1_169' title='bbox 1276 1328 1518 1369; x_wconf 84' lang='lat' dir='ltr'>obscuraret</span> <span class='ocrx_word' id='word_1_170' title='bbox 1538 1327 1716 1382; x_wconf 90' lang='lat' dir='ltr'>periculi</span> 
     </span>
     <span class='ocr_line' id='line_1_20' title="bbox 105 1393 1716 1450; baseline -0.002 -14"><span class='ocrx_word' id='word_1_171' title='bbox 105 1394 461 1450; x_wconf 73' lang='lat' dir='ltr'>magnitudinem,</span> <span class='ocrx_word' id='word_1_172' title='bbox 484 1394 663 1449; x_wconf 90' lang='lat' dir='ltr'>plusque</span> <span class='ocrx_word' id='word_1_173' title='bbox 684 1393 903 1449; x_wconf 84' lang='lat' dir='ltr'>aliquanto</span> <span class='ocrx_word' id='word_1_174' title='bbox 925 1395 1039 1449; x_wconf 87' lang='lat' dir='ltr'>apud</span> <span class='ocrx_word' id='word_1_175' title='bbox 1061 1399 1103 1436; x_wconf 87' lang='lat' dir='ltr'>te</span> <span class='ocrx_word' id='word_1_176' title='bbox 1124 1393 1328 1450; x_wconf 84' lang='lat' dir='ltr'>pecuniae</span> <span class='ocrx_word' id='word_1_177' title='bbox 1349 1393 1560 1448; x_wconf 88' lang='lat' dir='ltr'>cupiditas</span> <span class='ocrx_word' id='word_1_178' title='bbox 1587 1407 1716 1447; x_wconf 86' lang='lat' dir='ltr'>quam</span> 
     </span>
     <span class='ocr_line' id='line_1_21' title="bbox 100 1458 1716 1518; baseline -0.002 -16"><span class='ocrx_word' id='word_1_179' title='bbox 100 1460 254 1518; x_wconf 86' lang='lat' dir='ltr'>judicii</span> <span class='ocrx_word' id='word_1_180' title='bbox 285 1465 424 1502; x_wconf 91' lang='lat' dir='ltr'>metus</span> <span class='ocrx_word' id='word_1_181' title='bbox 457 1460 631 1515; x_wconf 79' lang='lat' dir='ltr'>posset?</span> <span class='ocrx_word' id='word_1_182' title='bbox 690 1459 819 1502; x_wconf 89' lang='lat' dir='ltr'>Esto:</span> <span class='ocrx_word' id='word_1_183' title='bbox 856 1465 997 1502; x_wconf 88' lang='lat' dir='ltr'>cetera</span> <span class='ocrx_word' id='word_1_184' title='bbox 1031 1475 1191 1516; x_wconf 88' lang='lat' dir='ltr'>negare</span> <span class='ocrx_word' id='word_1_185' title='bbox 1225 1474 1313 1500; x_wconf 90' lang='lat' dir='ltr'>non</span> <span class='ocrx_word' id='word_1_186' title='bbox 1344 1464 1490 1514; x_wconf 87' lang='lat' dir='ltr'>potes:</span> <span class='ocrx_word' id='word_1_187' title='bbox 1523 1473 1577 1499; x_wconf 90' lang='lat' dir='ltr'>ne</span> <span class='ocrx_word' id='word_1_188' title='bbox 1607 1458 1716 1498; x_wconf 89' lang='lat' dir='ltr'>illud</span> 
     </span>
     <span class='ocr_line' id='line_1_22' title="bbox 105 1524 1716 1582; baseline -0.002 -15"><span class='ocrx_word' id='word_1_189' title='bbox 105 1526 279 1582; x_wconf 89' lang='lat' dir='ltr'>quidem</span> <span class='ocrx_word' id='word_1_190' title='bbox 299 1525 381 1567; x_wconf 89' lang='lat' dir='ltr'>tibi</span> <span class='ocrx_word' id='word_1_191' title='bbox 407 1526 621 1581; x_wconf 88' lang='lat' dir='ltr'>reliquum</span> <span class='ocrx_word' id='word_1_192' title='bbox 652 1525 792 1567; x_wconf 87' lang='lat' dir='ltr'>fecisti</span> <span class='ocrx_word' id='word_1_193' title='bbox 815 1530 864 1567; x_wconf 90' lang='lat' dir='ltr'>ut</span> <span class='ocrx_word' id='word_1_194' title='bbox 897 1526 976 1568; x_wconf 91' lang='lat' dir='ltr'>hoc</span> <span class='ocrx_word' id='word_1_195' title='bbox 1003 1541 1145 1582; x_wconf 88' lang='lat' dir='ltr'>posses</span> <span class='ocrx_word' id='word_1_196' title='bbox 1172 1525 1324 1574; x_wconf 89' lang='lat' dir='ltr'>dicere,</span> <span class='ocrx_word' id='word_1_197' title='bbox 1356 1524 1468 1565; x_wconf 90' lang='lat' dir='ltr'>nihil</span> <span class='ocrx_word' id='word_1_198' title='bbox 1498 1528 1540 1565; x_wconf 89' lang='lat' dir='ltr'>te</span> <span class='ocrx_word' id='word_1_199' title='bbox 1571 1539 1716 1565; x_wconf 89' lang='lat' dir='ltr'>eorum</span> 
     </span>
     <span class='ocr_line' id='line_1_23' title="bbox 106 1589 1714 1647; baseline -0.002 -14"><span class='ocrx_word' id='word_1_200' title='bbox 106 1591 284 1641; x_wconf 89' lang='lat' dir='ltr'>audisse,</span> <span class='ocrx_word' id='word_1_201' title='bbox 306 1591 418 1633; x_wconf 86' lang='lat' dir='ltr'>nihil</span> <span class='ocrx_word' id='word_1_202' title='bbox 434 1592 488 1632; x_wconf 92' lang='lat' dir='ltr'>ad</span> <span class='ocrx_word' id='word_1_203' title='bbox 508 1596 602 1632; x_wconf 89' lang='lat' dir='ltr'>tuas</span> <span class='ocrx_word' id='word_1_204' title='bbox 624 1606 745 1633; x_wconf 89' lang='lat' dir='ltr'>aures</span> <span class='ocrx_word' id='word_1_205' title='bbox 767 1592 819 1633; x_wconf 91' lang='lat' dir='ltr'>de</span> <span class='ocrx_word' id='word_1_206' title='bbox 839 1591 1018 1633; x_wconf 88' lang='lat' dir='ltr'>infamia</span> <span class='ocrx_word' id='word_1_207' title='bbox 1048 1596 1122 1633; x_wconf 90' lang='lat' dir='ltr'>tua</span> <span class='ocrx_word' id='word_1_208' title='bbox 1151 1591 1405 1647; x_wconf 88' lang='lat' dir='ltr'>pervenisse.</span> <span class='ocrx_word' id='word_1_209' title='bbox 1469 1589 1714 1636; x_wconf 81' lang='lat' dir='ltr'>Quereban-</span> 
     </span>
     <span class='ocr_line' id='line_1_24' title="bbox 105 1655 1715 1712; baseline -0.002 -14"><span class='ocrx_word' id='word_1_210' title='bbox 105 1661 177 1698; x_wconf 90' lang='lat' dir='ltr'>tur</span> <span class='ocrx_word' id='word_1_211' title='bbox 212 1672 309 1698; x_wconf 91' lang='lat' dir='ltr'>cum</span> <span class='ocrx_word' id='word_1_212' title='bbox 342 1657 461 1698; x_wconf 91' lang='lat' dir='ltr'>luctu</span> <span class='ocrx_word' id='word_1_213' title='bbox 495 1661 538 1698; x_wconf 89' lang='lat' dir='ltr'>et</span> <span class='ocrx_word' id='word_1_214' title='bbox 574 1657 739 1712; x_wconf 85' lang='lat' dir='ltr'>gemitu</span> <span class='ocrx_word' id='word_1_215' title='bbox 774 1662 983 1698; x_wconf 86' lang='lat' dir='ltr'>aratores:</span> <span class='ocrx_word' id='word_1_216' title='bbox 1015 1661 1064 1698; x_wconf 89' lang='lat' dir='ltr'>tu</span> <span class='ocrx_word' id='word_1_217' title='bbox 1099 1657 1144 1698; x_wconf 90' lang='lat' dir='ltr'>id</span> <span class='ocrx_word' id='word_1_218' title='bbox 1179 1655 1428 1698; x_wconf 80' lang='lat' dir='ltr'>nesciebas?</span> <span class='ocrx_word' id='word_1_219' title='bbox 1487 1655 1715 1696; x_wconf 85' lang='lat' dir='ltr'>Fremebat</span> 
     </span>
     <span class='ocr_line' id='line_1_25' title="bbox 106 1719 1715 1776; baseline -0.002 -13"><span class='ocrx_word' id='word_1_220' title='bbox 106 1726 197 1764; x_wconf 88' lang='lat' dir='ltr'>tota</span> <span class='ocrx_word' id='word_1_221' title='bbox 229 1721 476 1776; x_wconf 88' lang='lat' dir='ltr'>provincia:</span> <span class='ocrx_word' id='word_1_222' title='bbox 509 1736 633 1762; x_wconf 89' lang='lat' dir='ltr'>nemo</span> <span class='ocrx_word' id='word_1_223' title='bbox 669 1721 714 1762; x_wconf 88' lang='lat' dir='ltr'>id</span> <span class='ocrx_word' id='word_1_224' title='bbox 746 1721 826 1762; x_wconf 89' lang='lat' dir='ltr'>tibi</span> <span class='ocrx_word' id='word_1_225' title='bbox 858 1721 1171 1763; x_wconf 78' lang='lat' dir='ltr'>renuntiabat?</span> <span class='ocrx_word' id='word_1_226' title='bbox 1230 1721 1392 1762; x_wconf 86' lang='lat' dir='ltr'>Romae</span> <span class='ocrx_word' id='word_1_227' title='bbox 1424 1719 1715 1775; x_wconf 81' lang='lat' dir='ltr'>querimoniae</span> 
     </span>
     <span class='ocr_line' id='line_1_26' title="bbox 107 1784 1715 1842; baseline -0.003 -13"><span class='ocrx_word' id='word_1_228' title='bbox 107 1788 159 1829; x_wconf 89' lang='lat' dir='ltr'>de</span> <span class='ocrx_word' id='word_1_229' title='bbox 180 1787 264 1828; x_wconf 83' lang='lat' dir='ltr'>tuis</span> <span class='ocrx_word' id='word_1_230' title='bbox 285 1786 453 1842; x_wconf 88' lang='lat' dir='ltr'>injuriis</span> <span class='ocrx_word' id='word_1_231' title='bbox 483 1791 799 1841; x_wconf 84' lang='lat' dir='ltr'>conventusque</span> <span class='ocrx_word' id='word_1_232' title='bbox 831 1786 1123 1828; x_wconf 86' lang='lat' dir='ltr'>habebantur:</span> <span class='ocrx_word' id='word_1_233' title='bbox 1156 1786 1384 1841; x_wconf 81' lang='lat' dir='ltr'>ignorabas</span> <span class='ocrx_word' id='word_1_234' title='bbox 1420 1785 1560 1825; x_wconf 78' lang='lat' dir='ltr'>hacc?</span> <span class='ocrx_word' id='word_1_235' title='bbox 1591 1784 1715 1839; x_wconf 87' lang='lat' dir='ltr'>igno-</span> 
     </span>
     <span class='ocr_line' id='line_1_27' title="bbox 107 1850 1712 1907; baseline -0.003 -13"><span class='ocrx_word' id='word_1_236' title='bbox 107 1854 229 1895; x_wconf 89' lang='lat' dir='ltr'>rabas</span> <span class='ocrx_word' id='word_1_237' title='bbox 249 1853 353 1894; x_wconf 86' lang='lat' dir='ltr'>haec</span> <span class='ocrx_word' id='word_1_238' title='bbox 374 1851 516 1894; x_wconf 86' lang='lat' dir='ltr'>omnia</span> <span class='ocrx_word' id='word_1_239' title='bbox 530 1852 550 1893; x_wconf 73' lang='lat' dir='ltr'>P</span> <span class='ocrx_word' id='word_1_240' title='bbox 611 1851 724 1898; x_wconf 84' lang='lat' dir='ltr'>Quid</span> <span class='ocrx_word' id='word_1_241' title='bbox 745 1867 877 1907; x_wconf 90' lang='lat' dir='ltr'>quum</span> <span class='ocrx_word' id='word_1_242' title='bbox 898 1852 1041 1907; x_wconf 88' lang='lat' dir='ltr'>palam</span> <span class='ocrx_word' id='word_1_243' title='bbox 1063 1851 1281 1907; x_wconf 81' lang='lat' dir='ltr'>Syracusis</span> <span class='ocrx_word' id='word_1_244' title='bbox 1301 1856 1343 1891; x_wconf 91' lang='lat' dir='ltr'>tc</span> <span class='ocrx_word' id='word_1_245' title='bbox 1365 1850 1563 1891; x_wconf 83' lang='lat' dir='ltr'>audiente</span> <span class='ocrx_word' id='word_1_246' title='bbox 1593 1865 1712 1890; x_wconf 86' lang='lat' dir='ltr'>max-</span> 
     </span>
     <span class='ocr_line' id='line_1_28' title="bbox 106 1915 1714 1971; baseline -0.002 -11"><span class='ocrx_word' id='word_1_247' title='bbox 106 1919 192 1960; x_wconf 90' lang='lat' dir='ltr'>imo</span> <span class='ocrx_word' id='word_1_248' title='bbox 225 1923 437 1960; x_wconf 87' lang='lat' dir='ltr'>conventu</span> <span class='ocrx_word' id='word_1_249' title='bbox 469 1917 517 1958; x_wconf 90' lang='lat' dir='ltr'>L.</span> <span class='ocrx_word' id='word_1_250' title='bbox 554 1916 743 1958; x_wconf 86' lang='lat' dir='ltr'>Rubrius</span> <span class='ocrx_word' id='word_1_251' title='bbox 777 1917 827 1962; x_wconf 83' lang='lat' dir='ltr'>Q.</span> <span class='ocrx_word' id='word_1_252' title='bbox 861 1916 1104 1971; x_wconf 89' lang='lat' dir='ltr'>Apronium</span> <span class='ocrx_word' id='word_1_253' title='bbox 1139 1916 1362 1971; x_wconf 86' lang='lat' dir='ltr'>sponsione</span> <span class='ocrx_word' id='word_1_254' title='bbox 1396 1915 1621 1964; x_wconf 83' lang='lat' dir='ltr'>lacessivit,</span> <span class='ocrx_word' id='word_1_255' title='bbox 1655 1915 1714 1957; x_wconf 86' lang='lat' dir='ltr'>Ni</span> 
     </span>
     <span class='ocr_line' id='line_1_29' title="bbox 105 1981 1713 2039; baseline -0.002 -13"><span class='ocrx_word' id='word_1_256' title='bbox 105 1983 324 2039; x_wconf 88' lang='lat' dir='ltr'>Apronius</span> <span class='ocrx_word' id='word_1_257' title='bbox 344 1982 560 2024; x_wconf 85' lang='lat' dir='ltr'>dictitaret</span> <span class='ocrx_word' id='word_1_258' title='bbox 581 1987 623 2023; x_wconf 88' lang='lat' dir='ltr'>tc</span> <span class='ocrx_word' id='word_1_259' title='bbox 644 1982 724 2023; x_wconf 92' lang='lat' dir='ltr'>sibi</span> <span class='ocrx_word' id='word_1_260' title='bbox 745 1982 789 2023; x_wconf 89' lang='lat' dir='ltr'>in</span> <span class='ocrx_word' id='word_1_261' title='bbox 811 1982 999 2023; x_wconf 88' lang='lat' dir='ltr'>decumis</span> <span class='ocrx_word' id='word_1_262' title='bbox 1020 1998 1107 2023; x_wconf 86' lang='lat' dir='ltr'>esse</span> <span class='ocrx_word' id='word_1_263' title='bbox 1129 1982 1300 2030; x_wconf 85' lang='lat' dir='ltr'>socium,</span> <span class='ocrx_word' id='word_1_264' title='bbox 1323 1981 1426 2022; x_wconf 87' lang='lat' dir='ltr'>haec</span> <span class='ocrx_word' id='word_1_265' title='bbox 1449 1986 1490 2021; x_wconf 85' lang='lat' dir='ltr'>tc</span> <span class='ocrx_word' id='word_1_266' title='bbox 1511 1996 1594 2021; x_wconf 71' lang='lat' dir='ltr'>vox</span> <span class='ocrx_word' id='word_1_267' title='bbox 1626 1996 1713 2022; x_wconf 85' lang='lat' dir='ltr'>non</span> 
     </span>
     <span class='ocr_line' id='line_1_30' title="bbox 106 2046 1711 2105; baseline -0.002 -15"><span class='ocrx_word' id='word_1_268' title='bbox 106 2048 325 2105; x_wconf 80' lang='lat' dir='ltr'>perculit?</span> <span class='ocrx_word' id='word_1_269' title='bbox 356 2063 441 2089; x_wconf 86' lang='lat' dir='ltr'>non</span> <span class='ocrx_word' id='word_1_270' title='bbox 474 2047 774 2103; x_wconf 74' lang='lat' dir='ltr'>perturbavit?</span> <span class='ocrx_word' id='word_1_271' title='bbox 805 2062 891 2088; x_wconf 87' lang='lat' dir='ltr'>non</span> <span class='ocrx_word' id='word_1_272' title='bbox 922 2053 969 2088; x_wconf 91' lang='lat' dir='ltr'>ut</span> <span class='ocrx_word' id='word_1_273' title='bbox 1002 2048 1132 2102; x_wconf 87' lang='lat' dir='ltr'>capiti</span> <span class='ocrx_word' id='word_1_274' title='bbox 1160 2053 1202 2088; x_wconf 87' lang='lat' dir='ltr'>et</span> <span class='ocrx_word' id='word_1_275' title='bbox 1230 2046 1413 2088; x_wconf 81' lang='lat' dir='ltr'>fortunis</span> <span class='ocrx_word' id='word_1_276' title='bbox 1441 2046 1525 2087; x_wconf 84' lang='lat' dir='ltr'>tuis</span> <span class='ocrx_word' id='word_1_277' title='bbox 1549 2047 1711 2101; x_wconf 86' lang='lat' dir='ltr'>prospi-</span> 
     </span>
     <span class='ocr_line' id='line_1_31' title="bbox 107 2112 1713 2167; baseline -0.002 -10"><span class='ocrx_word' id='word_1_278' title='bbox 107 2130 222 2157; x_wconf 85' lang='lat' dir='ltr'>ceres</span> <span class='ocrx_word' id='word_1_279' title='bbox 242 2113 481 2156; x_wconf 74' lang='lat' dir='ltr'>excitavit?</span> <span class='ocrx_word' id='word_1_280' title='bbox 540 2112 754 2154; x_wconf 83' lang='lat' dir='ltr'>Tacuisti:</span> <span class='ocrx_word' id='word_1_281' title='bbox 788 2113 944 2154; x_wconf 82' lang='lat' dir='ltr'>sedasti</span> <span class='ocrx_word' id='word_1_282' title='bbox 965 2113 1094 2154; x_wconf 85' lang='lat' dir='ltr'>etiam</span> <span class='ocrx_word' id='word_1_283' title='bbox 1126 2113 1223 2154; x_wconf 85' lang='lat' dir='ltr'>lites</span> <span class='ocrx_word' id='word_1_284' title='bbox 1255 2112 1440 2161; x_wconf 87' lang='lat' dir='ltr'>illorum,</span> <span class='ocrx_word' id='word_1_285' title='bbox 1473 2116 1514 2153; x_wconf 85' lang='lat' dir='ltr'>ct</span> <span class='ocrx_word' id='word_1_286' title='bbox 1545 2113 1713 2167; x_wconf 85' lang='lat' dir='ltr'>sponsio</span> 
     </span>
     <span class='ocr_line' id='line_1_32' title="bbox 106 2178 629 2222; baseline -0.008 0"><span class='ocrx_word' id='word_1_287' title='bbox 106 2180 182 2222; x_wconf 91' lang='lat' dir='ltr'>illa</span> <span class='ocrx_word' id='word_1_288' title='bbox 202 2195 256 2220; x_wconf 89' lang='lat' dir='ltr'>ne</span> <span class='ocrx_word' id='word_1_289' title='bbox 276 2179 395 2220; x_wconf 89' lang='lat' dir='ltr'>ficret</span> <span class='ocrx_word' id='word_1_290' title='bbox 416 2178 629 2219; x_wconf 85' lang='lat' dir='ltr'>laborasti.</span> 
     </span>
    </p>

    <p class='ocr_par' dir='ltr' id='par_1_3' title="bbox 107 2243 1712 2367">
     <span class='ocr_line' id='line_1_33' title="bbox 164 2243 1712 2298; baseline -0.001 -12"><span class='ocrx_word' id='word_1_291' title='bbox 164 2244 337 2287; x_wconf 84' lang='lat' dir='ltr'><strong>LVIII.</strong></span> <span class='ocrx_word' id='word_1_292' title='bbox 390 2244 475 2285; x_wconf 89' lang='lat' dir='ltr'>Pro</span> <span class='ocrx_word' id='word_1_293' title='bbox 515 2243 575 2284; x_wconf 90' lang='lat' dir='ltr'>dii</span> <span class='ocrx_word' id='word_1_294' title='bbox 616 2243 890 2293; x_wconf 84' lang='lat' dir='ltr'>immortales,</span> <span class='ocrx_word' id='word_1_295' title='bbox 922 2243 1001 2285; x_wconf 92' lang='lat' dir='ltr'>hoc</span> <span class='ocrx_word' id='word_1_296' title='bbox 1032 2248 1106 2285; x_wconf 87' lang='lat' dir='ltr'>aut</span> <span class='ocrx_word' id='word_1_297' title='bbox 1147 2243 1350 2284; x_wconf 84' lang='lat' dir='ltr'>innocens</span> <span class='ocrx_word' id='word_1_298' title='bbox 1390 2243 1516 2284; x_wconf 89' lang='lat' dir='ltr'>homo</span> <span class='ocrx_word' id='word_1_299' title='bbox 1547 2243 1712 2298; x_wconf 81' lang='lat' dir='ltr'>perpeti</span> 
     </span>
     <span class='ocr_line' id='line_1_34' title="bbox 107 2308 1710 2367; baseline -0.001 -15"><span class='ocrx_word' id='word_1_300' title='bbox 107 2310 325 2366; x_wconf 82' lang='lat' dir='ltr'>potuisset,</span> <span class='ocrx_word' id='word_1_301' title='bbox 350 2313 423 2350; x_wconf 87' lang='lat' dir='ltr'>aut</span> <span class='ocrx_word' id='word_1_302' title='bbox 444 2308 639 2364; x_wconf 85' lang='lat' dir='ltr'>quamvis</span> <span class='ocrx_word' id='word_1_303' title='bbox 660 2323 828 2359; x_wconf 82' lang='lat' dir='ltr'>nocens,</span> <span class='ocrx_word' id='word_1_304' title='bbox 852 2309 926 2364; x_wconf 85' lang='lat' dir='ltr'>qui</span> <span class='ocrx_word' id='word_1_305' title='bbox 947 2310 1072 2351; x_wconf 87' lang='lat' dir='ltr'>modo</span> <span class='ocrx_word' id='word_1_306' title='bbox 1088 2309 1253 2367; x_wconf 87' lang='lat' dir='ltr'>judicia</span> <span class='ocrx_word' id='word_1_307' title='bbox 1274 2308 1436 2350; x_wconf 85' lang='lat' dir='ltr'>Romae</span> <span class='ocrx_word' id='word_1_308' title='bbox 1467 2308 1557 2350; x_wconf 87' lang='lat' dir='ltr'>fore</span> <span class='ocrx_word' id='word_1_309' title='bbox 1587 2315 1710 2364; x_wconf 86' lang='lat' dir='ltr'>puta-</span> 
     </span>
    </p>
   </div>
   <div class='ocr_carea' id='block_1_3' title="bbox 107 2440 1717 2879">
    <p class='ocr_par' dir='ltr' id='par_1_4' title="bbox 107 2440 1712 2570">
     <span class='ocr_line' id='line_1_35' title="bbox 151 2440 1711 2485; baseline -0.001 -11"><span class='ocrx_word' id='word_1_310' title='bbox 151 2443 386 2485; x_wconf 71' lang='lat' dir='ltr'>nummarium]</span> <span class='ocrx_word' id='word_1_311' title='bbox 434 2447 443 2460; x_wconf 90' lang='lat'>‘</span> <span class='ocrx_word' id='word_1_312' title='bbox 456 2442 622 2482; x_wconf 81' lang='lat' dir='ltr'>Corrupt,&#39;</span> <span class='ocrx_word' id='word_1_313' title='bbox 644 2446 653 2459; x_wconf 94' lang='lat'><em>‘</em></span> <span class='ocrx_word' id='word_1_314' title='bbox 665 2442 834 2472; x_wconf 72' lang='lat' dir='ltr'>neeessihle</span> <span class='ocrx_word' id='word_1_315' title='bbox 851 2444 886 2472; x_wconf 83' lang='lat' dir='ltr'>to</span> <span class='ocrx_word' id='word_1_316' title='bbox 932 2442 991 2472; x_wconf 81' lang='lat' dir='ltr'>See</span> <span class='ocrx_word' id='word_1_317' title='bbox 1012 2442 1078 2473; x_wconf 78' lang='lat' dir='ltr'>also</span> <span class='ocrx_word' id='word_1_318' title='bbox 1095 2442 1159 2471; x_wconf 86' lang='lat' dir='ltr'>Pro</span> <span class='ocrx_word' id='word_1_319' title='bbox 1176 2441 1322 2477; x_wconf 76' lang='lat' dir='ltr'>Fonteio,</span> <span class='ocrx_word' id='word_1_320' title='bbox 1340 2452 1367 2472; x_wconf 86' lang='lat' dir='ltr'>c.</span> <span class='ocrx_word' id='word_1_321' title='bbox 1392 2442 1434 2472; x_wconf 85' lang='lat'>10</span> <span class='ocrx_word' id='word_1_322' title='bbox 1444 2454 1454 2479; x_wconf 64' lang='grc' dir='ltr'><strong><em>ς</em></strong></span> <span class='ocrx_word' id='word_1_323' title='bbox 1481 2441 1544 2472; x_wconf 79' lang='lat' dir='ltr'>Pro</span> <span class='ocrx_word' id='word_1_324' title='bbox 1562 2440 1711 2474; x_wconf 81' lang='lat' dir='ltr'>Murena.</span> 
     </span>
     <span class='ocr_line' id='line_1_36' title="bbox 107 2485 1711 2526; baseline -0.002 -8"><span class='ocrx_word' id='word_1_325' title='bbox 107 2488 236 2518; x_wconf 66' lang='lat' dir='ltr'>bribos!</span> <span class='ocrx_word' id='word_1_326' title='bbox 268 2487 379 2518; x_wconf 78' lang='lat' dir='ltr'>Cicero</span> <span class='ocrx_word' id='word_1_327' title='bbox 395 2487 452 2517; x_wconf 69' lang='lat' dir='ltr'>has</span> <span class='ocrx_word' id='word_1_328' title='bbox 468 2486 525 2517; x_wconf 81' lang='lat' dir='ltr'>the</span> <span class='ocrx_word' id='word_1_329' title='bbox 541 2486 721 2526; x_wconf 73' lang='lat' dir='ltr'>expression</span> <span class='ocrx_word' id='word_1_330' title='bbox 736 2485 800 2526; x_wconf 77' lang='lat' dir='ltr'>(Ad</span> <span class='ocrx_word' id='word_1_331' title='bbox 814 2486 885 2516; x_wconf 73' lang='lat' dir='ltr'>Att.</span> <span class='ocrx_word' id='word_1_332' title='bbox 931 2496 958 2515; x_wconf 83' lang='lat' dir='ltr'>e.</span> <span class='ocrx_word' id='word_1_333' title='bbox 977 2487 1027 2515; x_wconf 81' lang='lat'>13.</span> <span class='ocrx_word' id='word_1_334' title='bbox 1074 2485 1166 2516; x_wconf 65' lang='lat' dir='ltr'>Salus</span> <span class='ocrx_word' id='word_1_335' title='bbox 1188 2485 1213 2515; x_wconf 71' lang='lat' dir='ltr'>is</span> <span class='ocrx_word' id='word_1_336' title='bbox 1236 2485 1302 2515; x_wconf 67' lang='lat' dir='ltr'>also</span> <span class='ocrx_word' id='word_1_337' title='bbox 1325 2485 1532 2525; x_wconf 66' lang='lat' dir='ltr'>represented</span> <span class='ocrx_word' id='word_1_338' title='bbox 1549 2495 1589 2514; x_wconf 76' lang='lat' dir='ltr'>on</span> <span class='ocrx_word' id='word_1_339' title='bbox 1614 2495 1711 2525; x_wconf 71' lang='lat' dir='ltr'>many</span> 
     </span>
     <span class='ocr_line' id='line_1_37' title="bbox 108 2528 1712 2570; baseline -0.003 -8"><span class='ocrx_word' id='word_1_340' title='bbox 108 2531 128 2562; x_wconf 87' lang='lat' dir='ltr'>i.</span> <span class='ocrx_word' id='word_1_341' title='bbox 147 2532 201 2569; x_wconf 84' lang='lat'>16)</span> <span class='ocrx_word' id='word_1_342' title='bbox 220 2529 626 2569; x_wconf 65' lang='lat' dir='ltr'>‘nuuunariisjudivibus!</span> <span class='ocrx_word' id='word_1_343' title='bbox 930 2528 1057 2560; x_wconf 76' lang='lat' dir='ltr'>Romam</span> <span class='ocrx_word' id='word_1_344' title='bbox 1088 2529 1210 2559; x_wconf 74' lang='lat' dir='ltr'>meduls</span> <span class='ocrx_word' id='word_1_345' title='bbox 1241 2529 1334 2570; x_wconf 76' lang='lat' dir='ltr'>(Ant.</span> <span class='ocrx_word' id='word_1_346' title='bbox 1360 2529 1522 2569; x_wconf 70' lang='lat' dir='ltr'>Agostiui,</span> <span class='ocrx_word' id='word_1_347' title='bbox 1549 2528 1712 2567; x_wconf 65' lang='lat' dir='ltr'>Dialoghi,</span> 
     </span>
    </p>

    <p class='ocr_par' dir='ltr' id='par_1_5' title="bbox 107 2571 1717 2837">
     <span class='ocr_line' id='line_1_38' title="bbox 151 2571 1132 2613; baseline -0.001 -10"><span class='ocrx_word' id='word_1_348' title='bbox 151 2575 223 2604; x_wconf 74' lang='lat' dir='ltr'>ulla</span> <span class='ocrx_word' id='word_1_349' title='bbox 247 2573 362 2613; x_wconf 71' lang='lat' dir='ltr'>Salus]</span> <span class='ocrx_word' id='word_1_350' title='bbox 411 2573 502 2602; x_wconf 63' lang='lat' dir='ltr'>Salus</span> <span class='ocrx_word' id='word_1_351' title='bbox 526 2583 590 2602; x_wconf 69' lang='lat' dir='ltr'>was</span> <span class='ocrx_word' id='word_1_352' title='bbox 611 2582 628 2602; x_wconf 82' lang='lat' dir='ltr'>a</span> <span class='ocrx_word' id='word_1_353' title='bbox 650 2571 797 2610; x_wconf 68' lang='lat' dir='ltr'>goddess,</span> <span class='ocrx_word' id='word_1_354' title='bbox 821 2571 885 2602; x_wconf 76' lang='lat' dir='ltr'>and</span> <span class='ocrx_word' id='word_1_355' title='bbox 930 2572 997 2606; x_wconf 55' lang='lat' dir='ltr'>xc..</span> <span class='ocrx_word' id='word_1_356' title='bbox 1015 2572 1132 2612; x_wconf 64' lang='lat' dir='ltr'>Salus).</span> 
     </span>
     <span class='ocr_line' id='line_1_39' title="bbox 107 2614 1711 2656; baseline -0.002 -9"><span class='ocrx_word' id='word_1_357' title='bbox 107 2617 164 2647; x_wconf 81' lang='lat' dir='ltr'>she</span> <span class='ocrx_word' id='word_1_358' title='bbox 180 2617 244 2647; x_wconf 77' lang='lat' dir='ltr'>had</span> <span class='ocrx_word' id='word_1_359' title='bbox 260 2628 278 2646; x_wconf 87' lang='lat' dir='ltr'>a</span> <span class='ocrx_word' id='word_1_360' title='bbox 294 2616 415 2656; x_wconf 81' lang='lat' dir='ltr'>temple</span> <span class='ocrx_word' id='word_1_361' title='bbox 432 2616 518 2654; x_wconf 74' lang='lat' dir='ltr'>(Liv.</span> <span class='ocrx_word' id='word_1_362' title='bbox 535 2615 576 2645; x_wconf 83' lang='lat' dir='ltr'>ix.</span> <span class='ocrx_word' id='word_1_363' title='bbox 594 2617 655 2650; x_wconf 71' lang='lat'>43;</span> <span class='ocrx_word' id='word_1_364' title='bbox 680 2626 710 2645; x_wconf 86' lang='lat' dir='ltr'>x.</span> <span class='ocrx_word' id='word_1_365' title='bbox 729 2616 772 2653; x_wconf 92' lang='lat' dir='ltr'>l).</span> <span class='ocrx_word' id='word_1_366' title='bbox 818 2615 886 2645; x_wconf 86' lang='lat' dir='ltr'>The</span> <span class='ocrx_word' id='word_1_367' title='bbox 976 2616 1022 2646; x_wconf 67' lang='lat' dir='ltr'>Ni</span> <span class='ocrx_word' id='word_1_368' title='bbox 1039 2639 1046 2646; x_wconf 90' lang='lat'>.</span> <span class='ocrx_word' id='word_1_369' title='bbox 1065 2639 1071 2646; x_wconf 93' lang='lat'><strong><em>.</em></strong></span> <span class='ocrx_word' id='word_1_370' title='bbox 1088 2615 1259 2645; x_wconf 62' lang='lat' dir='ltr'>‹liviam-et</span> <span class='ocrx_word' id='word_1_371' title='bbox 1278 2639 1284 2646; x_wconf 88' lang='lat'><strong><em>.</em></strong></span> <span class='ocrx_word' id='word_1_372' title='bbox 1303 2638 1310 2645; x_wconf 91' lang='lat'><strong>.</strong></span> <span class='ocrx_word' id='word_1_373' title='bbox 1326 2614 1475 2656; x_wconf 52' lang='lat' dir='ltr'>sat-ium]</span> <span class='ocrx_word' id='word_1_374' title='bbox 1526 2615 1623 2645; x_wconf 65' lang='lat' dir='ltr'>Klotz</span> <span class='ocrx_word' id='word_1_375' title='bbox 1647 2615 1711 2645; x_wconf 78' lang='lat' dir='ltr'>und</span> 
     </span>
     <span class='ocr_line' id='line_1_40' title="bbox 108 2658 1717 2700; baseline -0.002 -10"><span class='ocrx_word' id='word_1_376' title='bbox 108 2660 231 2691; x_wconf 84' lang='lat' dir='ltr'>similar</span> <span class='ocrx_word' id='word_1_377' title='bbox 246 2670 378 2700; x_wconf 71' lang='lat' dir='ltr'>passage</span> <span class='ocrx_word' id='word_1_378' title='bbox 392 2659 424 2689; x_wconf 85' lang='lat' dir='ltr'>in</span> <span class='ocrx_word' id='word_1_379' title='bbox 437 2659 579 2690; x_wconf 74' lang='lat' dir='ltr'>Terence</span> <span class='ocrx_word' id='word_1_380' title='bbox 593 2658 618 2689; x_wconf 76' lang='lat' dir='ltr'>is</span> <span class='ocrx_word' id='word_1_381' title='bbox 634 2658 777 2689; x_wconf 81' lang='lat' dir='ltr'>referred</span> <span class='ocrx_word' id='word_1_382' title='bbox 794 2660 828 2690; x_wconf 78' lang='lat' dir='ltr'>to</span> <span class='ocrx_word' id='word_1_383' title='bbox 844 2658 885 2700; x_wconf 77' lang='lat' dir='ltr'>by</span> <span class='ocrx_word' id='word_1_384' title='bbox 933 2659 1051 2689; x_wconf 76' lang='lat' dir='ltr'>Iol-dan</span> <span class='ocrx_word' id='word_1_385' title='bbox 1069 2659 1162 2690; x_wconf 83' lang='lat' dir='ltr'>write</span> <span class='ocrx_word' id='word_1_386' title='bbox 1180 2659 1270 2689; x_wconf 75' lang='lat' dir='ltr'>these</span> <span class='ocrx_word' id='word_1_387' title='bbox 1287 2658 1390 2688; x_wconf 74' lang='lat' dir='ltr'>words</span> <span class='ocrx_word' id='word_1_388' title='bbox 1413 2659 1444 2688; x_wconf 82' lang='lat' dir='ltr'>in</span> <span class='ocrx_word' id='word_1_389' title='bbox 1466 2658 1612 2698; x_wconf 68' lang='lat' dir='ltr'>capitals,</span> <span class='ocrx_word' id='word_1_390' title='bbox 1629 2669 1663 2688; x_wconf 76' lang='lat' dir='ltr'>ns</span> <span class='ocrx_word' id='word_1_391' title='bbox 1687 2658 1717 2687; x_wconf 72' lang='lat' dir='ltr'>it·</span> 
     </span>
     <span class='ocr_line' id='line_1_41' title="bbox 109 2702 1711 2743; baseline -0.002 -9"><span class='ocrx_word' id='word_1_392' title='bbox 109 2704 298 2735; x_wconf 77' lang='lat' dir='ltr'>Hotmaun:</span> <span class='ocrx_word' id='word_1_393' title='bbox 933 2702 1010 2743; x_wconf 74' lang='lat' dir='ltr'>they</span> <span class='ocrx_word' id='word_1_394' title='bbox 1028 2713 1112 2735; x_wconf 84' lang='lat' dir='ltr'>were</span> <span class='ocrx_word' id='word_1_395' title='bbox 1131 2702 1188 2733; x_wconf 79' lang='lat' dir='ltr'>the</span> <span class='ocrx_word' id='word_1_396' title='bbox 1204 2702 1308 2732; x_wconf 74' lang='lat' dir='ltr'>words</span> <span class='ocrx_word' id='word_1_397' title='bbox 1331 2702 1369 2731; x_wconf 78' lang='lat' dir='ltr'>of</span> <span class='ocrx_word' id='word_1_398' title='bbox 1388 2702 1443 2732; x_wconf 75' lang='lat' dir='ltr'>the</span> <span class='ocrx_word' id='word_1_399' title='bbox 1461 2702 1605 2741; x_wconf 68' lang='lat' dir='ltr'>Sponsio.</span> <span class='ocrx_word' id='word_1_400' title='bbox 1652 2702 1711 2731; x_wconf 68' lang='lat' dir='ltr'>Sec</span> 
     </span>
     <span class='ocr_line' id='line_1_42' title="bbox 383 2745 1575 2793; baseline -0.001 -16"><span class='ocrx_word' id='word_1_401' title='bbox 383 2756 404 2770; x_wconf 82' lang='lat'><strong>“</strong></span> <span class='ocrx_word' id='word_1_402' title='bbox 417 2753 482 2793; x_wconf 72' lang='lat' dir='ltr'>ipsa</span> <span class='ocrx_word' id='word_1_403' title='bbox 499 2753 525 2782; x_wconf 68' lang='lat' dir='ltr'>si</span> <span class='ocrx_word' id='word_1_404' title='bbox 542 2752 653 2792; x_wconf 64' lang='lat' dir='ltr'>cupiat</span> <span class='ocrx_word' id='word_1_405' title='bbox 669 2752 771 2787; x_wconf 59' lang='lat' dir='ltr'>Sulun,</span> <span class='ocrx_word' id='word_1_406' title='bbox 933 2746 1096 2777; x_wconf 72' lang='lat' dir='ltr'>Exeursus</span> <span class='ocrx_word' id='word_1_407' title='bbox 1111 2756 1142 2778; x_wconf 77' lang='lat' dir='ltr'>V.</span> <span class='ocrx_word' id='word_1_408' title='bbox 1158 2745 1223 2777; x_wconf 77' lang='lat' dir='ltr'>aud</span> <span class='ocrx_word' id='word_1_409' title='bbox 1241 2745 1311 2776; x_wconf 76' lang='lat' dir='ltr'>le</span> <span class='ocrx_word' id='word_1_410' title='bbox 1328 2746 1358 2776; x_wconf 81' lang='grc'>5.</span> <span class='ocrx_word' id='word_1_411' title='bbox 1375 2756 1402 2775; x_wconf 78' lang='lat' dir='ltr'>C.</span> <span class='ocrx_word' id='word_1_412' title='bbox 1419 2747 1472 2781; x_wconf 64' lang='lat'>51⁴,</span> <span class='ocrx_word' id='word_1_413' title='bbox 1489 2748 1575 2776; x_wconf 71' lang='lat' dir='ltr'>note.</span> 
     </span>
     <span class='ocr_line' id='line_1_43' title="bbox 109 2795 887 2837; baseline -0.004 -8"><span class='ocrx_word' id='word_1_414' title='bbox 109 2797 246 2829; x_wconf 81' lang='lat' dir='ltr'>Servare</span> <span class='ocrx_word' id='word_1_415' title='bbox 256 2807 387 2837; x_wconf 82' lang='lat' dir='ltr'>prorsus</span> <span class='ocrx_word' id='word_1_416' title='bbox 397 2807 460 2828; x_wconf 88' lang='lat' dir='ltr'>uon</span> <span class='ocrx_word' id='word_1_417' title='bbox 476 2798 584 2837; x_wconf 72' lang='lat' dir='ltr'>potest</span> <span class='ocrx_word' id='word_1_418' title='bbox 601 2796 684 2826; x_wconf 80' lang='lat' dir='ltr'>hane</span> <span class='ocrx_word' id='word_1_419' title='bbox 697 2795 887 2826; x_wconf 77' lang='lat' dir='ltr'>finnilium.&#39;&#39;</span> 
     </span>
    </p>

    <p class='ocr_par' dir='ltr' id='par_1_6' title="bbox 531 2838 842 2879">
     <span class='ocr_line' id='line_1_44' title="bbox 531 2838 842 2879; baseline 0.003 -10"><span class='ocrx_word' id='word_1_420' title='bbox 531 2838 668 2879; x_wconf 82' lang='lat' dir='ltr'>Adelph.</span> <span class='ocrx_word' id='word_1_421' title='bbox 685 2839 727 2869; x_wconf 85' lang='lat' dir='ltr'>iv.</span> <span class='ocrx_word' id='word_1_422' title='bbox 743 2838 774 2872; x_wconf 88' lang='grc'>7.</span> <span class='ocrx_word' id='word_1_423' title='bbox 790 2841 842 2870; x_wconf 76' lang='lat'>43.</span> 
     </span>
    </p>
   </div>
   <div class='ocr_carea' id='block_1_4' title="bbox 238 2771 367 2777">
    <p class='ocr_par' dir='ltr' id='par_1_7' title="bbox 238 2771 367 2777">
     <span class='ocr_line' id='line_1_45' title="bbox 238 2771 367 2777; baseline 0 0"><span class='ocrx_word' id='word_1_424' title='bbox 238 2771 367 2777; x_wconf 95' lang='lat' dir='ltr'> </span> 
     </span>
    </p>
   </div>
  </div>
 </body>
</html>
