1849 3167
74 135 128 176 32
616 131 685 174 IN
718 132 768 178 Q.
802 130 1140 173 OAEOILIUM

72 249 252 304 scriptor
283 263 351 289 me
385 245 522 288 invito
555 245 772 300 adspirare
805 245 949 300 possit.
1011 243 1186 286 Etenim
1212 243 1316 285 fides
1340 258 1434 284 mea
1461 243 1678 285 custodem

72 314 281 369 repudiat,
304 311 530 369 diligentia
551 310 859 366 speculatorem
880 309 1139 351 reformidat.

131 381 293 421 Verum
313 384 361 420 ut
382 378 436 420 ad
455 385 509 427 te,
533 376 702 425 Caecili,
726 376 908 424 redeam,
933 390 1061 430 quam
1080 373 1217 414 multa
1237 376 1280 413 te
1301 372 1501 414 deficiant
1529 373 1646 414 vides
1663 390 1673 418 ;

72 461 203 501 quam
225 445 361 485 multa
387 443 473 485 sint
500 443 546 483 in
573 447 617 482 te
644 456 752 496 quae
782 455 877 481 reus
901 454 1055 480 nocens
1084 439 1130 479 in
1158 442 1398 479 accusatore
1429 453 1502 479 suo
1534 438 1678 493 cupiat

71 526 159 552 esse
186 510 373 565 profecto
390 510 481 565 jam
507 505 728 561 intelligis.
793 505 908 551 Quid
935 505 989 545 ad
1012 504 1115 544 haec
1137 502 1222 543 dici
1248 502 1421 557 potest?
1451 518 1538 544 non
1563 503 1679 544 enim

71 591 227 631 quaero
255 575 358 630 quid
382 580 431 615 tu
455 574 644 614 dicturus
677 570 756 620 sis;
788 570 912 611 video
940 569 1048 610 mihi
1079 583 1165 609 non
1198 572 1240 608 te
1274 567 1346 608 sed
1377 567 1491 608 hunc
1519 567 1679 609 librum

71 648 160 674 esse
180 647 457 687 reponsurum
477 646 604 686 quem
616 635 800 676 monitor
813 639 911 676 tuus
931 634 1002 675 hic
1018 638 1147 682 tenet,
1166 632 1241 687 qui
1261 631 1297 672 si
1317 637 1359 673 te
1379 637 1492 674 reete
1507 647 1678 673 monere

71 698 200 747 volet,
235 697 426 738 suadebit
462 698 543 738 tibi
579 704 626 739 ut
661 700 763 741 111110
799 700 988 740 discedas
1019 713 1157 752 neque
1191 696 1300 737 mihi
1330 697 1508 738 Verbum
1540 697 1694 756 ullum*

71 763 335 818 respondeas.
399 761 513 808 Quid
543 763 658 804 enim
685 765 832 806 dices?
864 779 919 806 an
945 764 991 804 id
1018 763 1131 818 quod
1158 761 1340 811 dictitas,
1363 762 1566 818 injuriam
1596 762 1677 803 tibi

70 828 218 869 fecisse
251 827 463 868 Verrem?
521 826 746 870 Arbitror:
788 844 926 884 neque
962 829 1078 870 enim
1113 832 1221 869 esset
1260 827 1502 877 verisimile,
1544 843 1678 882 quum

71 893 267 934 omnibus
280 891 432 932 Siculis
446 891 602 934 faceret
618 893 810 950 injurias,
825 899 867 935 te
889 894 955 934 1111
976 909 1110 934 unum
1130 891 1336 933 eximium
1356 892 1425 933 cm·
1440 893 1677 934 consuleret

71 958 213 999 fuisse.
275 956 358 998 Sed
385 958 515 998 ceteri
543 957 675 999 Siculi
700 959 884 1000 ultorem
910 974 1082 1000 suarum
1106 957 1362 1013 injuriarum
1391 957 1673 1008 invenerunt3

71 1028 120 1064 tu
140 1023 242 1063 dum
262 1027 357 1063 tuas
378 1022 555 1078 injurias
576 1039 651 1078 per
672 1029 726 1073 te,
749 1024 795 1064 id
816 1024 929 1079 quod
949 1039 1034 1065 non
1055 1028 1185 1078 potes,
1208 1022 1404 1077 persequi
1431 1022 1607 1072 conaris,
1630 1022 1677 1063 id

73 1089 165 1143 agis
185 1094 234 1128 ut
255 1092 490 1128 ceterorum
510 1103 676 1143 quoque
698 1089 881 1144 injuriae
903 1089 988 1130 sint
1008 1088 1245 1142 impunitae
1265 1092 1392 1142 atque
1412 1087 1575 1129 inultae
1591 1103 1599 1129 :
1633 1092 1676 1129 et

71 1154 151 1201 1100
172 1158 214 1194 te
234 1153 437 1208 praeterit
458 1168 544 1194 non
565 1154 611 1194 id
632 1154 766 1195 solum
795 1154 978 1209 spectari
1002 1153 1134 1194 solere
1164 1152 1239 1207 qui
1265 1152 1426 1202 debeat,
1450 1153 1523 1194 sed
1547 1152 1677 1194 etiam

70 1219 193 1268 illud,
231 1218 306 1273 qm·
338 1218 471 1272 possit
505 1218 677 1269 ulcisci3
718 1219 765 1259 in
800 1234 883 1274 quo
915 1224 1144 1273 utrumque
1177 1217 1244 1267 sit,
1283 1233 1380 1258 eum
1416 1218 1677 1272 superiorem

71 1299 160 1324 esse
176 1299 185 1333 ;
217 1283 264 1323 in
284 1298 367 1338 quo
388 1282 581 1332 alterum,
604 1284 651 1324 in
671 1300 719 1325 eo
740 1299 827 1325 non
847 1284 952 1339 quid
972 1284 1008 1325 is
1028 1283 1133 1325 velit
1158 1283 1230 1324 sed
1261 1283 1365 1337 quid
1385 1282 1522 1324 facere
1542 1283 1675 1338 possit

71 1348 219 1403 quaeri
240 1348 384 1389 solere,
447 1347 571 1394 Quod
591 1349 627 1390 si
648 1349 686 1390 ei
706 1349 974 1404 potissimum
998 1363 1140 1390 censes
1167 1347 1360 1403 permitti
1385 1353 1576 1403 oportere
1607 1364 1673 1390 ac-

71 1413 247 1455 cusandi
266 1417 518 1468 potestatem
539 1415 607 1455 cui
627 1414 859 1455 maximam
881 1414 926 1455 O.
950 1414 1107 1455 Verres
1126 1413 1330 1468 injuriam
1351 1412 1512 1463 fecerit,
1529 1418 1676 1455 utrum

71 1480 246 1520 tandem
278 1493 420 1519 censes
449 1478 525 1519 hos
553 1479 717 1535 judices
751 1479 923 1534 gravius
953 1479 1063 1520 ferre
1099 1484 1291 1533 oportere
1326 1482 1368 1519 te
1400 1479 1453 1520 ab
1484 1478 1558 1519 illo
1589 1494 1676 1520 esse

71 1544 244 1593 laesum,
264 1558 318 1584 an
339 1543 602 1598 provinciam
623 1543 813 1585 Siciliam
834 1560 921 1586 esse
936 1549 1133 1585 vexatam
1154 1558 1201 1584 ac
1221 1542 1432 1597 perditam
1447 1543 1467 1584 Ρ
1498 1542 1673 1598 Opinor‚

72 1609 274 1650 concedes
306 1608 441 1649 multo
473 1609 553 1650 hoc
586 1614 628 1650 et
661 1624 748 1650 esse
782 1610 954 1664 gravius
985 1614 1027 1650 et
1060 1609 1112 1650 ab
1143 1607 1338 1649 omnibus
1370 1607 1473 1648 ferri
1504 1608 1676 1663 gravius

73 1679 277 1729 oportere.
339 1673 531 1715 Concede
562 1674 698 1729 igitur
729 1684 778 1714 ut
810 1674 891 1715 tibi
924 1678 1206 1729 anteponatur
1237 1672 1284 1712 in
1316 1673 1548 1713 accusando
1578 1688 1674 1727 pro-

37 1762 40 1765 ·
73 1739 226 1780 vincia.
288 1738 403 1780 Nam
431 1738 650 1793 provincia
680 1743 860 1789 accusat,
890 1754 1022 1794 quum
1052 1739 1087 1779 is
1118 1738 1210 1793 agit
1241 1752 1410 1778 causam
1439 1753 1567 1792 quem
1595 1737 1677 1779 sibi

72 1839 183 1858 means
200 1831 209 1844 ί
220 1830 255 1858 to
271 1830 414 1867 attempt
430 1830 465 1858 to
481 1827 664 1868 approach.'
691 1827 753 1858 &Vc
768 1827 851 1858 have

72 1871 214 1911 adopted
229 1871 286 1901 the
303 1871 392 1901 word
408 1871 441 1900 in
457 1871 514 1901 the
530 1882 616 1901 same
632 1881 731 1901 sense.

117 1925 189 1944 reus
202 1914 331 1954 nocens]
357 1915 387 1943 A
400 1918 408 1930 ‘
418 1924 491 1944 reus
502 1914 510 1926 '
523 1914 630 1954 might
642 1914 682 1944 be
699 1917 708 1930 ¹
718 1913 850 1944 nocens’

72 1968 109 1987 or
126 1957 318 1993 ‘innocens³
335 1957 384 1987 for
402 1960 409 1973 ‘
423 1968 496 1987 reus
507 1957 516 1969 ³
538 1957 564 1986 is
582 1957 703 1997 merely
720 1957 776 1987 the
800 1967 850 1986 30-

74 2001 180 2030 cused.
220 2000 272 2030 He
288 2000 314 2029 is
330 2000 468 2040 opposed
483 2003 518 2030 to
535 2004 543 2016 ‘
554 2000 743 2030 accusator?
783 2000 851 2030 But

73 2047 83 2059 ί
96 2054 169 2073 reus
181 2043 190 2056 '
213 2054 287 2083 may
303 2053 397 2073 mean
418 2043 474 2073 the
495 2043 671 2073 defendant
692 2043 725 2072 111
742 2053 759 2072 3
776 2042 851 2072 civil

73 2086 202 2121 action3
228 2086 301 2121 and,
318 2086 443 2122 indeed,
460 2086 540 2116 both
562 2086 693 2125 parties,
710 2085 856 2124 plaintiff

73 2129 139 2158 and
161 2128 347 2163 defendant,
364 2139 438 2168 may
454 2129 494 2158 be
518 2128 620 2158 called
644 2132 652 2144 ‘
665 2128 732 2158 rei?
769 2128 849 2168 (Cic.

75 2171 124 2200 Dc
154 2170 210 2200 Or.
241 2171 274 2199 ii.
305 2171 370 2209 43.)
429 2171 464 2200 If
489 2171 611 2200 several
640 2180 771 2209 persons
801 2180 849 2200 re-

73 2213 249 2253 51100111*οῌ
261 2223 343 2243 were
356 2213 494 2243 entitled
509 2215 544 2242 to
556 2213 683 2242 enforce
695 2223 737 2242 an
753 2217 762 2229 ‘
772 2213 850 2242 obli-

74 2256 186 2295 gatio,’
212 2266 247 2285 or
269 2255 363 2285 liable
387 2259 422 2285 to
440 2255 581 2294 perform
602 2255 640 2290 it,
664 2255 743 2295 they
768 2265 850 2285 were

74 2303 84 2316 ‘
97 2299 143 2328 rei
156 2299 174 2328 :'
203 2301 266 2328 “et
291 2298 468 2337 stipulandi
491 2301 524 2327 et
548 2298 762 2337 promittendi
789 2298 853 2327 duo

74 2341 222 2381 pluresve
252 2341 298 2371 rei
328 2341 399 2370 fieri
421 2340 589 2380 possu11t,”
622 2340 704 2369 Inst.
731 2340 775 2369 iii.
800 2340 851 2370 16.

74 2385 133 2414 See
158 2384 406 2419 Unterholzner,
438 2383 543 2413 Lehre
573 2383 628 2412 des
658 2382 854 2412 Riimischen

74 2427 197 2457 Rechts
233 2437 297 2456 von
329 2425 697 2461 Schuldverh'altnissen,
727 2425 748 2455 i.
780 2426 853 2456 174.

75 2469 263 2500 ‘Creditor’
291 2469 355 2498 and
382 2468 551 2498 ‘debitor'
578 2478 632 2498 are
659 2468 716 2498 the
740 2478 850 2497 names

74 2513 180 2542 which
204 2512 239 2542 in
268 2511 325 2541 the
356 2511 482 2541 Roman
513 2511 592 2540 Law
622 2521 655 2540 as
684 2510 765 2550 full)v
796 2510 849 2540 de-

73 2555 208 2595 veloped
223 2554 342 2595 signify
365 2554 422 2584 the
438 2554 559 2593 parties
582 2553 654 2583 who
677 2553 773 2583 stand
796 2563 849 2592 op-

73 2598 171 2638 posed
187 2600 222 2628 to
237 2607 297 2627 one
313 2597 449 2627 another
472 2597 507 2626 in
529 2606 571 2626 an
594 2595 769 2635 obligatio,
787 2596 851 2625 and

72 2641 163 2671 these
180 2651 233 2670 are
256 2640 313 2670 the
336 2639 419 2679 legal
442 2642 543 2669 terms
566 2639 645 2669 used
666 2641 701 2668 to
724 2649 851 2678 express

73 2684 165 2714 these
190 2686 255 2713 two
279 2683 410 2722 parties,
437 2682 601 2711 whatever
624 2692 699 2721 ma)v
723 2681 763 2711 be
794 2681 851 2711 the

73 2726 180 2766 orig-in
210 2726 246 2755 of
271 2726 327 2755 the
359 2725 533 2765 obligatio.
580 2724 706 2754 ‘Reus'
738 2723 764 2753 15
794 2724 851 2754 the

74 2779 221 2798 common
237 2768 417 2807 expression
433 2769 482 2798 for
498 2767 577 2797 both
595 2767 684 2807 (Dig.
702 2767 752 2797 45.
771 2768 800 2796 2.
818 2768 847 2803 1,

74 2813 115 2842 16
128 2824 136 2847 3
162 2811 287 2846 Festus,
303 2822 333 2840 v.
346 2814 354 2827 ‘
366 2811 460 2846 reus,'
477 2810 541 2840 aud
556 2820 586 2840 v.
604 2813 613 2826 ‘
624 2810 801 2840 contestari
814 2809 848 2849 ³).

73 2854 240 2896 (Savigny,
279 2853 614 2893 Obligationeurecht,
653 2853 673 2882 i.
712 2863 743 2893 p.
780 2852 846 2893 15.)

896 1828 1000 1858 There
1016 1838 1116 1858 seems
1141 1829 1176 1857 to
1199 1827 1240 1857 be
1265 1836 1307 1857 no
1330 1826 1537 1866 explanation
1563 1826 1600 1857 of
1618 1827 1677 1857 the

896 1871 985 1901 word
999 1874 1007 1887 ‘
1019 1870 1114 1906 reus,³
1126 1872 1239 1909 except
1252 1870 1295 1910 by
1311 1869 1472 1909 referring
1487 1870 1515 1900 it
1531 1872 1566 1900 to
1583 1873 1592 1886 ‘
1604 1870 1676 1900 res!

939 1913 1107 1954 mimium]
1156 1912 1340 1942 ‘Eximius'
1361 1923 1472 1943 means
1496 1912 1676 1949 ‘selected‚’

897 1960 905 1974 ‘
918 1957 1096 1997 excepted,'
1121 1966 1155 1986 as
1179 1956 1236 1986 the
1258 1958 1390 1986 context
1413 1956 1526 1991 shows,
1547 1956 1612 1986 and
1634 1956 1677 1986 its

895 2000 1107 2039 relationship
1129 2002 1165 2029 to
1189 2002 1198 2015 ‘
1210 1998 1386 2034 exim—ere,’
1402 1999 1509 2028 which
1524 2000 1613 2029 must
1635 1999 1675 2029 be

895 2043 1068 2082 compared
1107 2042 1189 2072 with
1221 2041 1418 2077 ‘adim-ere,’
1458 2045 1466 2058 ⁵
1478 2041 1675 2077 subim-ere,’

894 2086 970 2115 that
993 2086 1029 2121 is,
1047 2089 1056 2101 ‘
1068 2084 1229 2115 sum-ere.³
1275 2084 1415 2114 Terence
1437 2083 1532 2124 (Hec.
1548 2084 1569 2113 i.
1587 2085 1616 2114 1.
1641 2084 1675 2124 9)

894 2129 1004 2158 writes
1017 2140 1023 2157 z
1049 2131 1069 2144 “
1079 2127 1144 2157 ΡΗ.
1170 2127 1262 2157 Utin'
1273 2127 1427 2157 eximimn
1442 2127 1604 2157 neminem
1619 2127 1676 2157 ha-

894 2170 1015 2201 beam?
1063 2170 1120 2199 SY.
1144 2169 1350 2199 Neminem.”

938 2223 1002 2243 non
1018 2212 1053 2242 id
1069 2235 1076 2242 .
1095 2235 1102 2242 .
1120 2235 1126 2242 .
1143 2212 1308 2242 sedetiam
1320 2211 1433 2252 illusa]
1461 2211 1519 2242 See
1530 2212 1587 2242 the
1598 2214 1675 2243 note

895 2265 937 2285 on
953 2265 979 2285 0.
997 2256 1048 2291 13,
1065 2265 1099 2284 35
1114 2257 1149 2284 to
1166 2258 1175 2271 ‘
1185 2254 1287 2284 illud?
1332 2254 1400 2284 The
1415 2265 1532 2294 proper
1542 2255 1673 2285 demon-

896 2298 1033 2328 strative
1043 2297 1181 2337 opposed
1192 2300 1228 2327 to
1244 2301 1251 2313 ‘
1264 2297 1317 2326 1110
1328 2297 1336 2309 ’
1353 2297 1379 2327 15
1396 2301 1403 2313 ‘
1414 2297 1488 2327 hic?
1527 2298 1595 2328 But
1612 2299 1653 2328 ‘is
1665 2298 1674 2311 ³

898 2340 962 2370 aud
987 2340 1078 2370 ‘ille'
1105 2350 1159 2370 are
1186 2340 1276 2370 often
1300 2339 1379 2369 used
1404 2340 1438 2369 in
1459 2342 1605 2371 contrast
1630 2341 1675 2382 by

898 2382 1010 2413 Cicero
1026 2383 1120 2412 when
1135 2383 1184 2412 his
1200 2383 1306 2422 object
1321 2382 1347 2412 is
1368 2383 1484 2423 simply
1499 2385 1534 2413 to
1557 2383 1675 2414 denote

898 2428 963 2456 two
988 2426 1101 2465 things
1124 2425 1158 2455 in
1180 2435 1266 2455 some
1286 2436 1357 2465 way
1378 2426 1516 2465 opposed
1541 2436 1577 2456 or
1601 2437 1674 2457 con-

893 2468 1030 2498 trasted.
1077 2468 1135 2498 See
1158 2468 1216 2498 the
1246 2468 1309 2498 end
1338 2468 1374 2497 of
1397 2478 1423 2498 0.
1455 2469 1506 2505 21,
1534 2469 1599 2499 and
1625 2469 1674 2500 De

895 2510 1043 2546 Oratore,
1054 2511 1087 2540 ii.
1101 2511 1142 2542 72
1155 2523 1163 2546 3
1184 2511 1248 2540 Pro
1265 2510 1322 2540 Cn.
1334 2510 1476 2547 Plancio,
1494 2522 1520 2541 c.
1537 2513 1577 2548 3,·
1600 2512 1673 2542 Ter.

896 2553 1042 2583 Hauton.
1059 2553 1080 2582 i.
1105 2555 1134 2583 2.
1152 2555 1212 2583 24:
1238 2553 1332 2590 “Qui
1348 2554 1399 2583 uti
1422 2554 1494 2590 scit,
1518 2554 1547 2584 ei
1569 2555 1672 2585 bona:

896 2596 953 2632 illi,
971 2596 1026 2636 qui
1041 2606 1107 2625 11011
1122 2596 1230 2626 utitur
1246 2598 1345 2632 recte,
1361 2597 1478 2627 maless'

939 2639 996 2668 hos
1015 2638 1162 2680 judiees]
1210 2638 1310 2669 Orelli
1337 2639 1395 2669 has
1424 2640 1502 2670 ‘hoc
1524 2640 1673 2680 judices?

897 2681 996 2712 Klotz
1012 2692 1083 2721 says
1099 2682 1174 2712 that
1191 2685 1200 2698 ‘
1211 2682 1271 2711 hoc
1282 2682 1408 2722 judices
1420 2682 1429 2694 '
1446 2683 1472 2712 is
1482 2693 1501 2712 a
1518 2685 1672 2723 typogra-

896 2724 1002 2764 phica]
1018 2735 1117 2760 error,
1142 2724 1342 2765 originating
1365 2725 1445 2755 with
1462 2725 1593 2756 Ernesti
1608 2726 1673 2755 aud

895 2767 993 2797 Beck.
1054 2766 1102 2797 Gl
1134 2767 1191 2797 has
1222 2771 1230 2784 ‘
1243 2768 1300 2798 hos
1337 2768 1479 2805 iudice&
1510 2768 1567 2799 the
1597 2770 1672 2798 true

894 2810 1039 2850 reading.
