1849 3167
493 117 620 161 AOT.
653 117 717 160 II.
748 116 936 159 LIBER
965 114 1290 158 SECUNDUS.
1612 116 1695 158 251

95 232 243 275 tulatis
273 232 497 275 civitatum
526 232 718 275 omnium
747 230 988 274 consulibus
1018 229 1165 280 edidit,
1198 229 1369 285 Rogare
1409 234 1536 285 atque
1577 245 1698 272 orare

94 303 236 354 patres
257 298 527 353 conscriptos,
549 303 598 339 ut
618 300 854 339 statuerent
866 311 920 337 ne
941 295 1181 336 absentium
1200 295 1375 336 nomina
1395 296 1695 351 reciperentur.

96 364 190 410 Qua
211 365 263 405 de
284 380 328 405 re
351 363 427 405 On.
451 363 695 412 Lentulum,
716 366 945 416 patronum
964 359 1145 410 Siciliae,
1168 360 1449 402 clarissimum
1462 361 1699 402 adolescen-

93 433 194 478 tem,
226 429 365 470 dicere
396 428 573 470 audistis
604 427 779 476 Siculos,
811 441 943 482 quum
974 440 1017 466 se
1048 440 1218 467 causam
1250 441 1358 481 quae
1380 425 1461 467 sibi
1481 425 1527 466 in
1548 432 1698 468 senatu

91 504 170 550 pro
199 494 267 535 his
297 495 464 550 agenda
493 498 601 535 esset
631 493 842 542 docerent,
865 492 917 532 de
938 490 1106 532 Sthenii
1127 491 1367 533 calamitate
1397 497 1565 546 questos
1596 507 1696 541 esse,

93 565 348 616 propterque
369 560 479 601 hanc
500 559 704 616 injuriam
724 573 831 614 quae
852 557 1029 599 Sthenio
1050 556 1162 599 facta
1193 562 1301 599 esset
1321 573 1389 599 eos
1410 557 1618 608 statuisse,
1650 563 1699 599 ut

93 625 172 666 hoc
204 626 318 680 quod
357 626 450 667 dico
490 625 786 680 postularetur.
862 623 980 670 Quae
1029 638 1163 678 quum
1211 623 1273 665 ita
1322 628 1474 673 essent,
1521 628 1699 665 tantane

93 691 279 732 amentia
309 691 525 746 praeditus
555 697 682 747 atque
717 689 893 732 audacia
922 688 1043 730 fuisti
1072 694 1121 730 ut
1151 689 1197 731 in
1227 705 1273 731 re
1312 693 1401 731 tam
1442 689 1568 740 clara,
1610 694 1701 731 tam

91 760 258 807 testata,
290 762 380 799 tam
410 759 483 800 abs
509 762 551 800 te
581 758 672 813 ipso
700 756 984 813 promulgata,
1016 756 1181 797 tabulas
1210 755 1401 810 publicas
1431 770 1700 811 corrumpere

93 822 301 864 auderes?
359 823 422 864 At
451 824 808 879 quemadmodum
838 821 1100 876 corrupisti?
1139 836 1281 863 nonne
1321 821 1382 862 ita
1421 825 1470 861 ut
1503 822 1700 863 omnibus

91 888 214 930 nobis
234 889 472 931 tacentibus
492 890 607 945 ipsae
627 894 670 931 te
690 894 788 931 tuae
808 887 977 930 tabulae
999 887 1280 930 condemnare
1306 886 1511 942 possent?
1571 885 1697 936 Cedo,

93 968 260 1009 quaeso,
283 955 494 997 codicem:
527 955 763 1005 circumfer,
787 954 972 996 ostende.
1033 952 1258 995 Videtisne
1278 952 1358 994 hoc
1374 956 1513 993 totum
1527 967 1698 1001 nomen,

94 1034 237 1061 coram
266 1021 340 1062 ubi
370 1020 473 1062 facit
503 1021 705 1071 delatum,
737 1036 825 1063 esse
854 1020 902 1061 in
930 1019 1095 1061 litura?
1176 1018 1291 1065 Quid
1330 1017 1414 1059 fuit
1447 1017 1544 1059 istic
1574 1022 1700 1059 antea

94 1085 335 1141 scriptum?
387 1088 500 1142 quod
538 1087 742 1129 mendum
771 1086 854 1128 ista
893 1085 1023 1126 litura
1064 1084 1248 1126 correxit
1265 1084 1285 1125 ⁶?
1346 1083 1460 1129 Quid
1500 1098 1524 1124 a
1564 1082 1698 1133 nobis,

89 1150 267 1207 judices,
300 1153 553 1208 exspectatis
584 1157 837 1208 argumenta
866 1151 995 1207 hujus
1025 1149 1250 1192 criminis?
1328 1148 1454 1189 Nihil
1493 1148 1698 1190 dicimus:

94 1217 264 1259 tabulae
294 1223 393 1259 sunt
413 1218 460 1259 in
480 1218 619 1260 medio
649 1233 757 1274 quae
778 1233 820 1259 se
841 1220 1060 1272 corruptas
1093 1220 1220 1270 atque
1252 1213 1465 1255 interlitas
1497 1229 1585 1255 esse
1615 1213 1701 1254 cla-

93 1288 226 1324 mant.
287 1283 357 1324 Ex
377 1283 444 1325 his
464 1284 594 1325 etiam
613 1288 662 1325 tu
682 1284 806 1326 rebus
837 1283 1023 1338 effugere
1052 1286 1095 1323 te
1124 1296 1245 1336 posse
1275 1279 1463 1329 confidis,
1496 1295 1628 1335 quum
1658 1285 1701 1320 te

93 1363 169 1390 nos
189 1363 276 1390 non
297 1349 495 1404 opinione
515 1349 645 1392 dubia
665 1350 738 1392 sed.
758 1350 844 1391 tuis
866 1348 1060 1404 vestigiis
1089 1361 1405 1403 persequamur,
1438 1360 1546 1401 quae
1578 1350 1625 1386 tu
1654 1345 1702 1386 in

94 1414 250 1455 tabulis
289 1414 469 1470 publicis
510 1431 707 1471 expressa
746 1431 794 1457 ac
830 1414 1017 1456 recentia
1048 1412 1297 1468 reliquisti?
1357 1411 1402 1453 Is
1433 1411 1542 1452 mihi
1572 1410 1702 1452 etiam

94 1478 321 1521 Sthenium
341 1480 486 1523 literas
505 1481 696 1537 publicas
717 1481 951 1537 corrupisse
972 1495 1097 1522 causa
1126 1477 1347 1534 incognita
1372 1476 1596 1533 judicavit,
1628 1476 1703 1532 qui

95 1545 320 1588 defendere
340 1561 427 1588 non
446 1548 633 1602 potuerit
653 1563 696 1590 se
715 1563 803 1590 non
823 1563 877 1590 ex
897 1546 1030 1603 ipsius
1050 1544 1219 1588 Sthenii
1238 1543 1410 1586 nomine
1430 1543 1575 1585 literas
1595 1543 1701 1598 pub-

94 1611 199 1653 licas
219 1612 452 1667 corrupisse
466 1613 486 1654 P

152 1676 327 1718 XLIII.
359 1678 514 1720 Videte
534 1693 659 1734 porro
680 1678 808 1720 aliam
841 1677 1096 1720 amentiam:
1128 1676 1270 1718 videte
1290 1679 1351 1724 ut,
1374 1674 1478 1715 dum
1502 1672 1703 1728 expedire

97 1757 186 1784 sese
206 1742 312 1793 vult,
334 1742 498 1785 induat.
542 1743 817 1799 Cognitorem
831 1743 1032 1786 adscribit
1048 1739 1445 1796 Sthenio—quem?
1472 1742 1702 1793 cognatum

138 1865 386 1907 prowmlqaz‘a,]
433 1866 501 1897 The
521 1866 616 1897 MSS.
637 1866 720 1897 have
744 1870 876 1906 ‘perva-
921 1865 1004 1896 lates
1020 1865 1077 1896 the
1092 1873 1226 1904 passage
1242 1863 1338 1893 thus:
1364 1861 1464 1891 “und
1486 1861 1544 1891 der
1563 1860 1621 1890 hat
1638 1860 1701 1890 mir

99 1910 200 1950 gata?
228 1912 343 1950 except
371 1910 432 1949 Lg.
464 1911 506 1940 42
537 1921 567 1950 p.
599 1921 653 1946 m.,
686 1910 792 1940 whieh
820 1910 877 1940 has

99 1953 350 1994 ‘promulgata'
404 1953 472 1984 'rho
502 1953 690 1993 corruption
722 1954 759 1983 of
786 1957 877 1992 ‘pro-

97 1997 265 2036 mulgata’
290 1997 360 2027 into
387 1997 623 2037 ‘per-uulgatus
648 1996 754 2027 whieh
778 1996 878 2027 Orelli

99 2040 163 2071 and
191 2040 309 2070 Iordan
336 2041 429 2076 have,
454 2041 480 2070 is
505 2051 582 2081 very
606 2040 729 2079 simple.
775 2040 820 2069 As
843 2042 878 2070 to

99 2084 349 2123 ‘pronmlgure,’
373 2094 424 2114 see
448 2094 474 2114 e.
498 2083 550 2116 71.
596 2083 664 2113 The
689 2083 778 2113 word
800 2083 877 2113 here

99 2127 200 2158 refers
216 2129 251 2157 to
266 2127 356 2158 what
372 2127 490 2157 Verres
506 2126 570 2157 had
586 2126 746 2162 deelarcd,
765 2130 773 2143 ‘
783 2137 876 2166 saepe

99 2172 133 2202 et
150 2170 255 2211 palam
272 2171 311 2201 de
327 2171 396 2201 loeo
412 2170 598 2210 superiore)

149 2214 242 2250 Cedo,
264 2224 394 2254 quaeso,
417 2213 490 2255 [iffi]
535 2213 636 2244 ‘Givc
659 2223 721 2249 me,
747 2212 762 2243 Ι
787 2223 878 2252 pray,

100 2257 157 2288 the
181 2257 302 2288 codex?
355 2257 433 2287 This
449 2257 536 2287 word
553 2267 665 2287 oeenrs
680 2256 755 2297 only
773 2256 805 2285 in
822 2256 879 2285 the

101 2301 184 2331 form
198 2304 207 2318 ‘
220 2301 298 2331 cedo
308 2301 316 2314 ’
330 2301 393 2331 and
406 2301 463 2331 the
477 2300 581 2340 plural
599 2304 606 2316 ‘
620 2299 729 2330 cette?
758 2303 766 2316 ‘
777 2299 878 2329 Cedo'

100 2345 159 2374 has
189 2344 255 2374 also
285 2345 342 2375 the
367 2355 457 2374 sense
481 2344 518 2374 of
541 2343 634 2379 ‘die‚’
660 2353 694 2373 as
717 2342 750 2372 in
774 2352 801 2372 e.
825 2344 877 2372 -1-3.

101 2387 215 2418 Cicero
237 2388 402 2418 addresscs
424 2397 510 2417 some
526 2387 634 2417 ostieer
657 2386 693 2415 of
713 2385 768 2416 the
785 2387 879 2416 court

102 2431 135 2461 in
159 2431 216 2461 the
235 2441 321 2461 same
344 2440 480 2461 manner
498 2440 532 2460 us
556 2430 612 2460 the.
629 2428 736 2459 Greek
753 2431 879 2458 orntors

102 2474 192 2505 often
209 2474 270 2504 eall
283 2475 332 2503 for
348 2474 405 2504 the
421 2473 614 2513 productiori
631 2472 668 2502 of
678 2482 765 2501 some
781 2472 878 2501 ‹loen-

103 2519 253 2557 mentary
279 2517 441 2547 evidence.
491 2516 656 2546 Demosth.
683 2515 752 2555 περὶ
781 2527 878 2554 παρα-

102 2559 287 2601 πρεσβείας,
305 2571 332 2590 (·.
349 2561 410 2590 «’1«();
435 2558 487 2590 καί
505 2571 556 2597 μοι
574 2558 653 2598 λε’-γε
674 2558 712 2589 τὸ
732 2558 881 2597 ψήφισμα

103 2604 154 2635 καὶ
171 2603 212 2634 τὰ
228 2602 399 2642 ’γράμματα
415 2602 465 2633 καὶ
483 2602 556 2632 τοὺς
572 2600 731 2642 μάρτυρας
748 2600 851 2631 κάλει.

147 2648 184 2677 Is
213 2647 292 2677 mihi
322 2647 421 2676 etiam
451 2645 633 2685 Sthenimn]
689 2646 733 2674 As
763 2647 798 2675 to
828 2644 885 2675 the

105 2691 244 2731 position
262 2690 299 2719 of
316 2690 362 2719 ‘is
374 2689 381 2701 '
406 2689 470 2719 :md
487 2694 494 2705 ‘
509 2688 611 2723 mihi,’
628 2688 692 2718 und
704 2688 760 2718 the
776 2698 884 2718 meam-

105 2735 163 2773 ing
178 2734 215 2763 of
232 2734 288 2763 the
304 2734 466 2766 sentence,
483 2742 631 2771 eompure.
650 2731 719 2761 hil».
734 2732 763 2761 1.
784 2742 811 2761 (¹.
828 2732 880 2766 (30,

107 2782 114 2794 ‘
134 2778 162 2807 ls
193 2777 272 2806 mihi
304 2775 483 2815 ‹plerit11r3'
515 2775 579 2805 and
613 2775 682 2804 bib.
714 2777 743 2804 2.
775 2786 801 2804 e.
829 2777 881 2804 32.

112 2821 279 2851 llotnnnm
307 2818 531 2859 injudieiously
559 2818 714 2858 proposed
741 2818 882 2858 ‘judiea-

107 2864 156 2895 bit
167 2863 175 2876 ’
192 2864 225 2894 in
242 2863 331 2904 place
347 2863 383 2894 of
396 2861 595 2902 ‘judic-avit.¹
641 2861 761 2902 Zumpt
777 2862 882 2892 trans·-

922 1909 1005 1939 noeh
1016 1908 1108 1939 einen
1123 1907 1245 1937 andern
1257 1904 1528 1939 verurtheilt,der
1540 1904 1702 1943 siehjetzt

922 1952 1021 1982 selbst
1056 1951 1149 1981 nieht
1180 1950 1238 1980 hat
1268 1948 1505 1986 reehtstrtigen
1536 1947 1702 1977 k6n1wn.”

924 1995 992 2025 The
1012 1994 1145 2033 English
1162 1993 1324 2031 lnngunge
1340 2002 1399 2021 eun
1417 2001 1458 2020 no
1475 2001 1562 2020 more
1574 2001 1702 2030 express

923 2039 980 2069 the
998 2039 1139 2068 German
1163 2037 1244 2065 ‘mir
1257 2036 1265 2048 '
1287 2036 1368 2066 than
1386 2034 1442 2065 the
1461 2034 1559 2064 Latin
1577 2040 1584 2050 ⁸
1599 2034 1701 2070 mil1i,'

922 2084 1037 2121 except
1053 2081 1093 2121 by
1111 2079 1232 2110 several
1250 2079 1363 2108 words.

965 2123 1127 2164 polam-il]
1169 2122 1316 2163 ‘potuit'
1342 2122 1402 2161 Lg.
1427 2122 1468 2151 42
1487 2126 1510 2160 φ
1532 2120 1630 2151 Grut.
1649 2120 1701 2162 (ex

923 2168 958 2198 M
972 2168 1000 2204 Ρ)
1021 2167 1149 2197 Iordan.

967 2214 1019 2241 -1-3.
1051 2208 1266 2249 ‹rmenl1’‹1m:]
1317 2208 1386 2238 The
1416 2207 1553 2247 reading
1583 2208 1620 2237 of
1645 2207 1702 2238 the

923 2255 1033 2285 better
1072 2254 1166 2283 MSS.
1226 2251 1326 2282 Orelli
1364 2251 1421 2282 has
1460 2255 1468 2268 ‘
1481 2251 1702 2281 dementiam?

926 2299 1045 2338 Zumpt
1068 2307 1151 2337 says,
1177 2300 1196 2313 “
1210 2295 1370 2326 dementia
1395 2295 1514 2325 mentis
1533 2294 1703 2334 repentina

923 2341 1129 2382 perturbatio
1139 2343 1198 2373 est.
1212 2339 1355 2368 amenlia
1369 2341 1525 2378 perpet-nu
1539 2338 1703 2367 hebetudo

923 2387 957 2415 et
967 2384 1144 2415 stultitin.’'
1169 2383 1271 2413 These
1283 2384 1442 2421 attempts
1459 2381 1702 2419 todistinguish

925 2428 1023 2458 Latin
1041 2427 1145 2457 words
1161 2426 1267 2456 whieh
1284 2436 1339 2456 ure
1355 2436 1432 2455 nem·
1449 2424 1525 2455 nkin
1542 2435 1597 2454 are
1613 2425 1703 2454 often

924 2470 1158 2505 unsneeesssnh
1172 2470 1235 2500 :md
1246 2469 1383 2509 perhaps
1390 2479 1436 2498 we
1447 2471 1477 2498 nt
1485 2470 1590 2507 tempt
1603 2478 1703 2497 some—

925 2515 1020 2545 times
1042 2517 1076 2544 to
1096 2513 1190 2543 mnke
1211 2512 1418 2543 distinctions
1435 2512 1541 2541 where
1562 2511 1618 2541 the
1643 2511 1703 2540 llo-

925 2568 1016 2588 mnns
1039 2557 1230 2587 themselves
1247 2555 1353 2585 would
1377 2558 1434 2585 not
1456 2555 1537 2584 have
1554 2554 1653 2584 sonnd
1678 2554 1705 2584 ἰί.

927 2612 999 2642 easy
1018 2604 1052 2631 10
1069 2601 1109 2630 do
1125 2612 1168 2630 so.
1215 2600 1283 2629 'rlw
1300 2599 1358 2628 law
1379 2598 1505 2627 writers
1521 2598 1705 2627 sometimes

930 2655 985 2674 nse
1009 2650 1016 2661 ⁴
1030 2644 1179 2674 demens'
1204 2654 1238 2673 us
1260 2642 1446 2682 equivalent
1470 2645 1504 2671 to
1529 2640 1705 2670 ‘furiosus'

931 2688 1021 2728 (big.
1050 2687 1100 2719 27.
1128 2688 1178 2716 lo.
1205 2686 1252 2724 7),
1278 2685 1382 2715 whieh
1412 2685 1436 2714 is
1463 2685 1519 2714 the
1545 2684 1704 2714 teelmienl

927 2734 1011 2762 term
1029 2731 1061 2761 in
1078 2731 1135 2761 the.
1152 2730 1280 2759 Twelve
1296 2728 1411 2759 'rables
1428 2728 1476 2757 sor
1497 2739 1516 2757 η
1540 2737 1653 2767 person
1673 2727 1710 2755 os

927 2774 1075 2804 nnsonnd
1092 2773 1192 2803 mind.

975 2818 1179 2857 Cognilorem
1197 2813 1374 2854 ‹nlss-riln'l]
1424 2814 1539 2843 Verres
1555 2813 1648 2843 made
1665 2823 1704 2842 :m

927 2863 1023 2902 entry
1049 2861 1081 2891 in
1106 2860 1163 2891 the
1187 2858 1360 2895 ‘tabulam’
1384 2868 1503 2896 among
1518 2856 1614 2887 other
1630 2856 1706 2885 sulse
