1849 3167
523 124 649 166 AOT.
683 124 746 165 II.
779 122 967 165 LIBER
997 121 1322 164 SECUNDUS.
1636 123 1719 165 241

109 238 248 294 capite
267 238 400 281 libero
419 238 664 294 judicabit?
693 237 793 280 huie
814 236 1031 294 judicialis
1050 236 1209 278 tabella
1230 236 1554 279 committetur?
1585 252 1716 292 quam

111 305 191 346 iste
220 320 308 346 non
337 305 461 346 modo
492 320 588 346 cera
611 320 758 345 verum
778 303 908 345 etiam
938 302 1160 358 sanguine,
1184 301 1220 343 si
1248 302 1389 343 visum
1419 303 1513 352 erit,
1536 304 1715 344 notabit.

113 370 336 411 XXXIII.
381 369 496 416 Quid
532 370 647 411 enim
685 370 839 411 horum
878 384 921 409 se
957 373 1089 423 negat
1124 368 1271 409 fecisse
1288 368 1308 409 P
1368 367 1486 408 Illud
1520 368 1719 410 videlieet

112 451 247 477 unum
276 436 391 491 quod
420 451 586 477 necesse
617 440 692 484 est,
715 434 940 490 pecuniam
970 433 1191 488 accepisse.
1256 432 1419 480 Quidni
1446 433 1526 474 iste
1556 435 1719 489 neget?

113 501 176 542 At
196 517 325 556 eques
352 501 571 542 Romanus
596 501 671 556 qui
692 500 919 555 Sopatrum
949 499 1154 549 defendit,
1178 498 1253 554 qui
1281 499 1477 541 omnibus
1505 499 1595 554 ejus
1620 514 1717 540 con-

113 566 219 608 siliis
240 567 447 622 rebusque
468 566 677 616 interfuit,
698 566 748 612 Q.
764 564 981 606 Minucius
996 565 1166 621 juratus
1183 564 1288 606 dicit
1308 564 1533 620 pecuniam
1549 564 1693 605 datam
1709 580 1717 604 :

107 632 276 688 juratus
307 633 412 674 dicit
433 632 749 674 Timarchidem
777 631 934 672 dixisse
954 630 1159 686 majorem
1189 631 1242 671 ab
1263 630 1573 672 accusatoribus
1593 645 1718 685 pecu-

111 698 231 739 niam
250 698 367 739 dari:
390 698 532 740 dicent
553 698 632 739 hoe
653 697 779 738 multi
800 696 945 745 Siculi,
968 696 1112 737 dicent
1133 711 1278 737 omnes
1296 696 1589 752 Halicyenses,
1608 695 1720 736 dicet

112 763 242 805 etiam
271 769 563 819 praetextatus
593 763 761 819 Sopatri
781 763 894 804 filius
924 762 999 818 qui
1029 762 1083 804 ab
1113 762 1194 803 isto
1224 762 1399 803 homine
1430 761 1720 803 crudelissimo

112 834 234 885 patre
254 830 602 871 innocentissimo
622 828 885 885 pecuniaque
905 828 1045 884 patria
1064 828 1259 883 privatus
1281 832 1356 869 est.
1409 827 1585 877 Verum,
1610 827 1646 868 si
1666 828 1720 868 de

110 895 291 950 pecunia
310 895 487 937 testibus
507 895 684 951 planum
704 894 842 935 facere
862 909 949 935 non
969 909 1146 949 possem,
1170 893 1279 934 illud
1299 908 1457 949 negare
1478 908 1620 948 posses
1642 900 1718 933 aut

111 975 226 1002 nunc
246 961 436 1016 negabis,
458 966 501 1002 te
522 960 696 1002 consilio
717 965 790 1001 tuo
811 959 997 1009 dimisso,
1020 959 1125 1001 viris
1145 958 1360 1014 primariis
1381 958 1456 1013 qui
1476 958 1523 999 in
1545 958 1720 1000 consilio

113 1025 160 1067 O.
184 1026 401 1068 Sacerdoti
431 1026 602 1067 fuerant
632 1025 796 1081 tibique
827 1040 914 1066 esse
945 1025 1136 1066 solebant
1166 1023 1351 1072 remotis,
1375 1024 1427 1064 de
1457 1038 1502 1064 re
1528 1022 1721 1079 judicata

107 1091 400 1147 judicavisse?
430 1096 557 1147 teque
585 1106 682 1132 eum
703 1105 830 1145 quem
861 1088 906 1130 O.
931 1088 1132 1131 Sacerdos
1163 1089 1355 1130 adhibito
1385 1088 1572 1137 consilio,
1596 1103 1721 1129 causa

112 1157 298 1212 cognita,
322 1157 581 1207 absolvisset,
605 1156 788 1197 eundem
815 1160 977 1197 remoto
998 1154 1186 1204 consilio,
1210 1169 1336 1195 eausa
1366 1154 1598 1209 incognita,
1621 1169 1719 1195 eon-

112 1223 331 1264 demnasse
346 1223 366 1264 ?
399 1222 542 1268 Quum
562 1222 666 1263 haec
683 1220 896 1263 confessus
918 1220 1000 1261 eris
1021 1236 1129 1275 quae
1149 1220 1196 1261 in
1217 1220 1307 1261 foro
1328 1219 1470 1274 palam
1487 1219 1720 1274 Syracusis,

113 1287 160 1330 in
191 1304 261 1330 ore
292 1293 419 1343 atque
449 1287 496 1328 in
526 1287 658 1328 oculis
687 1286 933 1341 provinciae
964 1291 1085 1341 gesta
1115 1290 1226 1335 sunt,
1248 1289 1406 1340 negato
1430 1289 1524 1326 tum
1550 1299 1662 1333 sane,
1686 1284 1723 1325 si

111 1353 239 1404 voles,
262 1353 487 1408 pecuniam
508 1352 738 1408 accepisse:
771 1351 967 1407 reperies,
990 1352 1127 1401 credo,
1147 1351 1334 1406 aliquem
1354 1349 1441 1406 qui,
1464 1365 1598 1405 quum
1617 1349 1722 1391 haee

111 1435 220 1476 quae
250 1419 392 1475 palam
424 1423 543 1475 gesta
573 1424 673 1460 sunt
693 1418 849 1468 Videat,
872 1422 1049 1473 quaerat
1079 1418 1184 1473 quid
1213 1423 1261 1458 tu
1291 1416 1454 1458 occulte
1474 1415 1624 1472 egeris,
1648 1421 1722 1457 aut

111 1486 186 1542 qui
207 1486 374 1528 dubitet
395 1491 541 1527 utrum
560 1485 684 1526 malit
704 1485 809 1526 meis
830 1485 1008 1527 testibus
1037 1500 1092 1526 an
1119 1483 1204 1526 tuis
1226 1482 1516 1524 defensoribus
1537 1483 1718 1523 credere.

168 1551 275 1593 Dixi
301 1552 394 1608 jam
426 1556 552 1593 antea
587 1566 655 1592 me
686 1565 773 1591 non
805 1550 949 1591 omnia
979 1550 1103 1591 istius
1139 1565 1247 1605 quae
1281 1549 1328 1590 in
1359 1548 1440 1590 hoc
1473 1563 1629 1603 genere
1660 1563 1721 1589 es-

111 1622 206 1659 sent
237 1622 598 1666 enumeraturum,
633 1616 707 1657 sed
738 1615 975 1657 electurum
1007 1631 1056 1656 ea
1083 1630 1192 1670 quae
1226 1614 1413 1655 maxime
1449 1613 1718 1654 excellerent.

111 1681 326 1724 XXXIV.
359 1681 556 1737 Accipite
586 1696 701 1722 nunc
731 1680 849 1721 aliud
879 1680 970 1736 ejus
1000 1680 1165 1722 facinus
1195 1679 1338 1720 nobile
1369 1684 1411 1720 et
1442 1678 1589 1719 multis
1619 1677 1721 1718 loeis

112 1763 234 1803 saepe
255 1751 644 1796 commemoratum,
660 1751 702 1787 et
723 1746 930 1801 ejusmodi
950 1751 999 1787 ut
1019 1745 1066 1787 in
1087 1761 1172 1787 uno
1193 1744 1336 1786 omnia
1357 1743 1565 1784 maleficia
1586 1743 1721 1783 inesse

112 1813 351 1854 videantur.
404 1811 631 1853 Attendite
652 1811 908 1865 diligenter;
935 1810 1163 1852 invenietis
1184 1810 1299 1851 enim
1320 1809 1364 1849 id
1385 1808 1549 1850 facinus
1570 1813 1721 1848 natum

113 1895 138 1921 a
159 1879 405 1934 cupiditate,
429 1882 599 1919 auctum
621 1892 697 1932 per
718 1882 925 1931 stuprum,
941 1876 1193 1917 crudelitate
1213 1874 1450 1930 perfeetum
1473 1880 1600 1929 atque
1621 1889 1721 1914 eon-

113 1945 290 1986 clusum.
363 1943 565 1985 Sthenius
595 1947 671 1991 est,
704 1942 739 1984 is
775 1942 850 1997 qui
886 1941 1007 1982 nobis
1044 1941 1212 1990 assidet,
1245 1940 1560 1988 Thermitanus,
1595 1945 1721 1980 antea

112 2008 260 2050 multis
290 2013 464 2064 propter
495 2023 704 2049 summam
733 2007 939 2048 virtutem
969 2021 1262 2061 summamque
1292 2005 1573 2054 nobilitatem,
1606 2020 1720 2046 nune

113 2079 287 2130 propter
315 2089 434 2115 suam
455 2073 742 2114 calamitatem
766 2078 893 2128 atque
918 2072 1039 2113 istius
1066 2071 1281 2127 insignem
1302 2070 1504 2126 injuriam
1525 2070 1721 2112 omuibus

113 2145 249 2182 notus.
311 2139 455 2195 Hujus
476 2139 659 2194 hospitio
680 2138 835 2179 Verres
857 2153 989 2193 quum
1009 2142 1117 2178 esset
1137 2152 1248 2186 usim,
1273 2142 1314 2177 et
1335 2152 1468 2192 quum
1489 2137 1602 2191 apud
1623 2151 1721 2177 011111

113 2221 200 2247 non
221 2205 357 2247 solum
377 2204 573 2245 Thermis
594 2218 895 2258 saepenumero
916 2202 1063 2244 suisset
1085 2202 1158 2243 sed
1179 2201 1308 2242 etiam
1328 2201 1572 2251 habitasset,
1595 2202 1720 2242 (101110

114 2271 204 2327 ejus
225 2270 367 2312 omnia
388 2269 564 2312 abstulit
585 2284 692 2326 quae
712 2269 839 2325 paulo
859 2268 998 2324 magis
1019 2267 1209 2309 animum
1231 2266 1468 2325 cujuspiam
1489 2272 1562 2308 aut
1579 2267 1720 2309 oeulos

116 2395 245 2426 chosen.
281 2394 350 2425 The
361 2398 370 2411 ‘
380 2393 534 2429 ‹leem-ia,'
550 2403 622 2433 says
633 2393 766 2428 Gruter,
784 2392 810 2422 is
820 2392 895 2433 only

116 2438 253 2469 another
268 2448 362 2468 name
378 2438 428 2468 for
443 2438 500 2468 the
517 2436 711 2470 ί1111111111,’1ι,-1
727 2436 896 2466 Casauhon

116 2481 244 2512 shewed
271 2481 304 2511 in
329 2481 379 2511 his
405 2483 482 2511 note
509 2491 549 2509 011
578 2481 722 2515 Sueten„
754 2480 895 2518 August.

116 2535 142 2555 e.
160 2526 212 2555 32.

160 2567 228 2597 Ἰ“110.
252 2566 406 2605 meaning
429 2566 466 2595 of
484 2566 541 2596 the
559 2565 646 2595 word
667 2568 675 2582 ‘
689 2575 763 2595 cera
777 2565 784 2576 '
802 2565 827 2595 is
843 2576 895 2596 ex-

115 2610 244 2651 plained
261 2610 302 2649 by
319 2610 482 2639 reference
498 2612 533 2639 to
549 2609 605 2639 the
617 2608 765 2638 coloured
777 2609 896 2639 lahlets

116 2652 304 2684 mentioued
320 2653 353 2682 111
370 2652 426 2682 the
447 2652 621 2682 Divinatio.
661 2652 777 2682 Verres
790 2652 896 2682 would

116 2697 225 2727 colour
242 2696 291 2725 his
308 2695 387 2725 with
405 2696 525 2725 human
543 2695 647 2725 blood.

160 2740 189 2769 si
219 2739 316 2768 risum
345 2738 436 2778 erilg]
471 2745 478 2754 “
490 2738 515 2767 si
547 2749 623 2767 usus
653 2737 739 2771 crit.’
778 2738 873 2769 Klotz
887 2751 894 2774 ;

116 2783 177 2813 hut
189 2783 215 2812 it
227 2782 252 2811 is
265 2782 321 2812 the
334 2782 519 2821 conjecture
530 2782 566 2810 os
579 2781 894 2812 (1011101111.1111111(10(1

115 2836 156 2855 on
179 2825 236 2855 the
252 2825 388 2864 reading
403 2825 439 2854 os
453 2825 512 2862 lag.
530 2826 571 2855 12,
586 2835 617 2864 p.
634 2835 676 2854 111.
694 2824 725 2854 Μ
747 2828 755 2842 ‘
767 2825 792 2855 si
809 2825 896 2855 visus

116 2869 202 2903 crit,'
228 2868 334 2898 which
365 2879 439 2909 may
471 2868 509 2898 be
535 2879 552 2898 a
581 2867 768 2908 corruption
793 2869 830 2899 ot*
850 2869 894 2899 ‘si

175 2926 269 2952 VOL.
303 2926 330 2951 1.

942 2403 1017 2422 usus
1033 2392 1119 2422 erit.'

984 2438 1036 2466 33.
1066 2435 1153 2475 Quid
1171 2434 1271 2475 enim]
1303 2438 1311 2452 ‘
1326 2434 1441 2464 Enim'
1466 2434 1586 2474 merely
1611 2434 1721 2464 nun-ks

941 2479 998 2510 tho
1021 2479 1194 2510 transit-iou
1212 2482 1246 2508 to
1262 2478 1400 2508 another
1423 2481 1497 2517 part
1519 2478 1555 2507 of
1575 2477 1630 2508 the
1647 2478 1720 2507 suh-

934 2522 1015 2563 ject.
1062 2522 1162 2552 ‘Now
1190 2522 1279 2551 what
1305 2521 1330 2551 is
1354 2521 1446 2551 there
1473 2521 1550 2550 here
1578 2521 1652 2551 that
1680 2521 1720 2550 110

940 2566 1004 2595 will
1028 2565 1110 2606 (1011)·
1125 2566 1140 2596 ¹?
1187 2565 1285 2605 Why,
1303 2564 1360 2595 the
1376 2575 1436 2594 oue
1450 2564 1547 2602 thing:
1563 2564 1668 2594 which
1680 2564 1720 2593 110

940 2612 1028 2639 must.
1044 2609 1140 2649 deny.
1162 2609 1211 2638 sor
1235 2609 1261 2638 it
1286 2608 1311 2637 is
1333 2607 1382 2637 his
1405 2607 1479 2647 only
1502 2607 1634 2637 deseuce
1679 2607 1720 2636 he

940 2652 1005 2682 will
1021 2652 1105 2693 (1011)ν
1123 2652 1197 2682 that
1213 2662 1274 2691 any
1293 2661 1407 2690 111011ος
1426 2650 1483 2680 has
1499 2661 1588 2680 001110
1613 2653 1647 2680 to
1671 2650 1720 2679 his

941 2695 1054 2726 hands.
1104 2695 1114 2725 l
1134 2695 1249 2724 should
1266 2693 1380 2723 indeed
1398 2694 1436 2722 he
1452 2693 1614 2733 surprised
1632 2693 1661 2722 if
1680 2693 1719 2722 hc

941 2739 997 2769 did
1013 2741 1070 2768 not
1086 2738 1168 2778 ‹leuy
1188 2738 1236 2767 it?
1282 2737 1350 2766 'Phe
1366 2737 1524 2776 supposed
1540 2736 1672 2766 desenee
1688 2737 1725 2764 et·

943 2782 1059 2813 Verres
1074 2782 1111 2817 is,
1129 2782 1203 2812 that
1221 2781 1247 2810 it
1263 2780 1358 2810 could
1375 2783 1432 2810 not
1449 2780 1487 2810 he
1508 2779 1628 2820 proved
1646 2779 1720 2810 that

940 2826 980 2856 he
996 2825 1142 2856 received
1158 2825 1215 2855 the
1231 2833 1358 2863 money.

1468 2923 1491 2950 R
