1849 3167
112 146 195 188 318
690 142 760 185 IN
790 141 835 183 O.
868 139 1123 183 VERREM

108 277 232 303 nemo
253 275 379 317 quem
397 259 623 301 imitarere.
683 257 746 299 At
765 261 808 298 te
827 255 1025 298 videlicet
1054 254 1319 295 inventorem
1348 268 1490 295 rerum
1516 252 1695 308 optima-

110 343 205 369 rum
241 342 288 368 ac
322 325 558 382 principem
592 323 873 366 imitabuntur
902 336 1058 362 omnes.
1133 318 1237 365 Quis
1267 324 1406 360 arator
1434 325 1476 360 te
1506 325 1697 374 praetore

111 394 331 434 decumam
351 391 468 433 dedit
485 392 504 432 ⁸?
536 390 630 446 quis
650 389 786 430 duas?
807 387 900 442 quis
920 401 1006 427 non
1025 385 1211 426 maximo
1227 400 1269 426 se
1289 384 1484 426 affectum
1496 384 1698 426 beneficio

111 460 290 515 putavit,
314 473 444 514 quum
465 456 600 500 tribus
621 453 806 495 decumis
826 467 902 507 pro
921 467 1007 493 una
1027 451 1341 506 defungeretur,
1362 456 1528 506 praeter
1547 465 1699 505 paucos

113 526 188 581 qui
214 531 386 580 propter
416 522 657 564 societatem
685 520 896 561 furtorum
915 523 1086 558 tuorum
1115 516 1227 557 nihil
1257 516 1427 557 omnino
1459 515 1699 557 dederunt?

113 591 225 633 Vide
245 591 356 631 inter
376 586 741 643 importunitatem
762 590 880 625 tuam
901 588 1152 637 senatusque
1172 581 1405 623 bonitatem
1434 582 1537 637 quid
1565 582 1698 622 inter-

115 657 182 698 sit.
243 655 420 697 Senatus
440 668 572 709 quum
590 650 849 706 temporibus
869 648 931 690 rei
949 648 1143 704 publicae
1173 647 1339 703 cogitur
1358 652 1407 688 ut
1427 647 1623 689 decernat
1652 651 1701 686 ut
1739 667 1741 670 ⁴

115 723 270 764 alterae
291 722 487 762 decumae
508 718 748 773 exigantur,
770 715 830 756 ita
851 714 1039 756 decernit
1058 719 1106 754 ut
1126 728 1202 768 pro
1222 713 1288 754 his
1309 713 1494 754 decumis
1522 711 1702 767 pecunia

115 788 302 830 solvatur
322 785 554 828 aratoribus
571 799 579 834 ;
611 788 659 823 ut
675 781 788 837 quod
802 780 898 836 plus
914 780 1095 821 sumitur
1111 794 1238 834 quam
1254 779 1440 828 debetur,
1457 779 1502 819 id
1518 778 1601 819 emi
1615 792 1702 818 non

117 854 273 896 auferri
292 856 477 908 putetur.
540 850 616 899 Tu,
639 864 771 904 quum
801 852 865 889 tot
897 847 1092 888 decumas
1124 861 1211 887 non
1243 844 1601 887 senatusconsulto
1630 844 1703 885 sed

116 919 236 960 novis
257 917 404 960 edictis
423 916 508 958 tuis
527 915 784 969 nefariisque
804 912 1012 954 institutis
1025 911 1215 967 exigeres
1231 916 1272 952 et
1289 910 1480 966 eriperes,
1498 925 1703 965 magnum

116 991 158 1027 te
180 985 324 1026 fecisse
345 983 562 1031 arbitrare,
586 981 621 1022 si
641 980 775 1036 pluris
795 978 1036 1020 vendideris
1067 992 1195 1033 quam
1216 976 1264 1017 L.
1288 976 1553 1025 Hortensius,
1583 980 1704 1030 pater

116 1051 238 1092 istius
261 1050 311 1096 Q.
334 1048 567 1097 Hortensii,
591 1061 719 1102 quam
751 1044 826 1086 Cn.
854 1044 1092 1100 Pompeius,
1124 1058 1252 1099 quam
1282 1041 1328 1083 C.
1361 1041 1598 1090 Marcellus,
1631 1039 1706 1095 qui

119 1117 171 1158 ab
192 1116 415 1171 aequitate,
439 1115 490 1155 ab
511 1113 618 1168 lege,
642 1112 694 1153 ab
714 1110 921 1152 institutis
942 1125 1028 1151 non
1049 1108 1341 1150 recesserunt?
1400 1107 1471 1148 An
1487 1106 1566 1148 tibi
1581 1106 1706 1147 unius

119 1183 221 1223 anni
242 1186 315 1222 aut
333 1179 496 1222 biennii
516 1178 624 1220 ratio
646 1177 727 1218 fuit
747 1177 953 1225 habenda,
977 1175 1087 1217 salus
1113 1174 1367 1230 provinciae,
1399 1173 1615 1215 commoda
1644 1171 1708 1213 rei

119 1246 432 1295 frumentariae,
466 1244 575 1286 ratio
595 1243 658 1285 rei
676 1242 870 1298 publicae
902 1241 948 1282 in
979 1241 1270 1296 posteritatem
1301 1240 1384 1281 fuit
1414 1237 1707 1294 negligenda?

123 1314 264 1360 Quum
284 1327 375 1353 rem
402 1311 464 1352 ita
493 1309 767 1351 constitutam
794 1307 1019 1363 accepisses
1049 1312 1098 1347 ut
1130 1311 1171 1347 et
1197 1305 1351 1360 populo
1382 1304 1574 1346 Romano
1606 1302 1707 1345 satis

121 1378 325 1421 frumenti
345 1392 397 1418 ex
419 1375 562 1417 Sicilia
583 1374 935 1429 suppeditaretur,
958 1377 1000 1413 et
1020 1371 1253 1413 aratoribus
1273 1376 1417 1412 tamen
1437 1385 1555 1411 arare
1582 1376 1708 1424 atque

121 1460 244 1500 agros
266 1443 400 1485 colere
420 1441 649 1496 expediret,
672 1439 774 1495 quid
795 1438 969 1480 effecisti
983 1438 1003 1479 ἶ)
1024 1437 1127 1492 quid
1143 1441 1353 1478 assecutus
1369 1435 1445 1477 es?
1475 1435 1538 1476 Ut
1553 1433 1707 1489 populo

121 1510 313 1551 Romano
333 1507 471 1549 nescio
492 1506 596 1562 quid
615 1511 657 1546 te
677 1510 878 1560 praetore.
894 1504 948 1545 ad
977 1503 1172 1544 decumas
1202 1502 1429 1550 accederet,
1461 1500 1710 1541 deserendas

121 1575 329 1617 arationes
349 1572 731 1628 relinquendasque
751 1569 920 1612 curasti.
982 1568 1188 1610 Successit
1208 1568 1288 1608 tibi
1309 1567 1357 1608 L.
1381 1566 1592 1610 Metellus.
1644 1565 1709 1606 Tu

121 1639 386 1682 innocentior
416 1653 544 1693 quam
574 1636 808 1677 Metellus?
838 1641 887 1676 tu
906 1635 1043 1676 laudis
1064 1639 1106 1675 et
1126 1632 1298 1674 honoris
1330 1631 1554 1687 cupidior?
1613 1630 1710 1671 Tibi

122 1707 237 1748 enim
269 1704 508 1746 consulatus
541 1702 833 1757 quaerebatur,
870 1699 1044 1741 Metello
1083 1703 1284 1753 paternus
1319 1697 1451 1740 honos
1491 1702 1533 1737 et
1572 1696 1711 1737 avitus

121 1771 433 1827 negligebatur.
495 1767 634 1808 Multo
668 1766 845 1808 minoris
876 1764 1070 1807 vendidit
1104 1779 1190 1804 non
1225 1764 1348 1804 modo
1383 1777 1511 1818 quam
1544 1767 1605 1812 tu,
1639 1762 1712 1803 sed

123 1838 252 1880 etiam
273 1851 401 1892 quam
421 1834 495 1890 qui
516 1839 615 1875 ante
636 1838 677 1874 te
698 1832 995 1873 vendiderunt.
1055 1829 1206 1870 XVII.
1241 1828 1419 1878 Quaero,
1454 1828 1490 1869 si
1520 1828 1610 1883 ipse
1638 1830 1712 1868 ‘ex-

123 1903 310 1958 cogitare
330 1916 415 1942 non
435 1904 631 1955 potuerat
652 1897 1006 1954 quemadmodum
1038 1911 1166 1951 quam
1197 1895 1380 1950 plurimo
1412 1894 1626 1943 venderet,
1658 1908 1712 1934 ne

123 1974 197 2010 tua
218 1967 388 2023 quidem
409 1965 595 2007 recentia
615 1963 800 2020 proximi
819 1961 1024 2018 praetoris
1046 1960 1227 2016 vestigia
1246 1959 1441 2015 persequi
1466 1963 1644 2014 poterat,
1664 1963 1713 1999 ut

123 2035 209 2076 tuis
229 2032 454 2089 praeclaris
482 2031 555 2072 abs
576 2036 618 2072 te
638 2029 829 2085 principe
858 2027 1044 2069 inventis
1066 2032 1107 2068 et
1128 2025 1379 2081 excogitatis
1409 2025 1557 2066 edictis
1587 2029 1713 2079 atque

124 2099 332 2141 institutis
352 2102 542 2139 uteretur
556 2097 576 2138 Ρ
637 2095 718 2137 Ille
738 2110 837 2136 vero
857 2099 951 2135 tum
971 2109 1014 2134 se
1034 2092 1209 2134 minime
1231 2091 1453 2133 Metellum
1475 2091 1563 2131 fore
1589 2095 1712 2145 puta·

124 2165 188 2207 vit
209 2165 245 2206 si
265 2170 307 2206 te
327 2164 414 2205 ulla
434 2163 479 2204 in
500 2178 545 2203 re
565 2161 756 2203 imitatus
776 2165 883 2202 esset
901 2175 910 2210 ;
942 2158 1016 2215 qui
1047 2159 1100 2200 ab
1130 2158 1234 2199 urbe
1265 2157 1415 2206 Roma,
1444 2156 1557 2211 quod
1589 2170 1714 2196 nemo

169 2332 206 2360 ut
216 2340 281 2370 pro
297 2329 346 2359 his
362 2327 500 2357 decumis
511 2325 668 2367 pecunia]
715 2325 792 2355 This
806 2325 833 2355 is
842 2324 900 2355 the

127 2374 221 2404 order
248 2372 284 2403 of
306 2372 367 2411 Lg.
384 2373 425 2401 42
441 2371 505 2401 and
521 2370 561 2406 V,
586 2369 693 2399 which
714 2369 813 2399 Klotz
837 2367 901 2398 and

127 2417 247 2448 Iordan
270 2416 362 2445 have.
407 2414 474 2444 The
501 2423 648 2444 common
674 2412 768 2442 order
789 2412 816 2441 is
843 2413 902 2441 ‘ut

127 2459 263 2501 pecmiia
278 2469 336 2499 pro
362 2458 412 2487 his
436 2456 600 2491 decumis‚'
626 2455 680 2485 &c.
725 2455 827 2485 These
846 2465 901 2484 va-

127 2503 262 2534 riations
278 2503 311 2532 in
327 2501 383 2531 the
410 2500 504 2530 ordcr
528 2499 564 2529 of
584 2498 687 2528 words
712 2498 808 2538 easily
823 2498 902 2537 hap·

127 2558 189 2588 pen
214 2547 247 2576 in
274 2544 412 2585 copying
438 2543 520 2572 from
542 2552 559 2571 a
585 2551 731 2571 common
755 2540 902 2581 original,

128 2590 192 2621 and
207 2599 261 2620 are
277 2589 334 2619 the
349 2588 433 2617 most
449 2595 596 2615 common
611 2584 647 2614 of
668 2584 844 2614 variations
866 2583 900 2613 in

127 2634 185 2665 the
209 2634 281 2663 text
305 2631 341 2661 of
361 2630 482 2664 Cicero,
507 2628 571 2658 and
597 2628 633 2658 of
654 2627 747 2657 other
771 2627 901 2657 ancient

129 2677 266 2707 writers.
313 2675 347 2704 It
363 2674 389 2704 is
404 2672 508 2703 useful
524 2681 594 2701 now
610 2670 674 2700 and
690 2670 769 2700 then
781 2676 816 2700 to
826 2672 902 2699 note

943 2324 1001 2364 ing
1014 2323 1065 2353 his
1080 2321 1296 2362 explanation.
1341 2320 1461 2351 Iordan
1476 2320 1541 2351 also
1560 2320 1618 2350 has
1634 2323 1644 2337 ‘
1654 2330 1717 2360 quo

944 2367 1038 2408 plus,’
1048 2366 1105 2396 the
1117 2365 1252 2405 reading
1265 2365 1301 2395 of
1313 2364 1373 2404 Lg.
1385 2366 1425 2394 42
1441 2365 1480 2400 A,
1499 2364 1536 2400 B,
1554 2371 1587 2403 φ.
1619 2363 1650 2393 V
1666 2366 1717 2394 ctt

945 2411 1027 2440 have
1044 2409 1170 2449 ‘quod‚’
1186 2408 1292 2438 which
1308 2418 1407 2438 seems
1430 2417 1519 2438 more
1542 2407 1640 2447 easily
1665 2417 1717 2438 ex-

944 2452 1073 2494 plained
1099 2452 1180 2482 than
1204 2452 1260 2482 the
1285 2451 1397 2481 other:
1427 2451 1548 2481 ‘What
1570 2451 1597 2481 is
1617 2450 1717 2481 taken

946 2506 1022 2527 over
1043 2495 1107 2525 and
1130 2495 1229 2525 above
1245 2494 1333 2524 what
1356 2494 1382 2524 is
1405 2494 1477 2530 due,
1494 2495 1569 2524 that
1585 2494 1611 2524 is
1627 2496 1662 2524 to
1677 2494 1717 2524 be

947 2538 1133 2570 considered
1148 2549 1181 2568 as
1196 2538 1333 2578 bought,
1350 2540 1407 2568 not
1423 2548 1457 2568 as
1473 2537 1644 2568 enforced.’

992 2582 1024 2612 C.
1042 2581 1251 2622 Mareellus,]
1300 2581 1357 2611 See
1373 2581 1445 2611 Lib.
1462 2582 1492 2611 2.
1509 2591 1535 2611 c.
1552 2582 1582 2617 3,
1598 2582 1685 2610 note.

992 2625 1063 2655 Tibi
1083 2625 1166 2655 enim
1188 2625 1377 2655 consulatus
1394 2623 1466 2665 ᾇῖκ]
1515 2624 1591 2654 Said
1618 2623 1716 2654 ironi-

947 2668 1044 2708 cally:
1063 2672 1141 2709 ‘you
1157 2678 1240 2698 were
1256 2668 1370 2708 trying
1390 2670 1425 2697 to
1441 2677 1550 2697 secure
1571 2667 1628 2697 the
1644 2676 1718 2697 con-

129 2731 147 2751 a
162 2721 234 2755 fem
251 2729 331 2749 even
353 2716 490 2755 though,
508 2725 541 2745 as
556 2715 590 2744 in
605 2713 671 2744 this
693 2713 850 2749 instance,
873 2712 901 2742 it

129 2774 203 2803 may
218 2763 258 2792 be
273 2759 453 2801 impossible
477 2761 512 2789 to
533 2757 642 2788 decide
668 2755 775 2786 which
796 2755 823 2786 is
845 2755 902 2785 the

130 2805 268 2847 genuine
283 2805 444 2844 language
459 2802 496 2832 of
507 2801 628 2831 Cicero.

175 2848 258 2888 quod
292 2846 388 2887 plus]
450 2845 569 2884 Zumpt
601 2843 659 2873 has
697 2845 779 2882 ‘quo
808 2840 902 2882 plus‚’

131 2891 237 2923 which
255 2891 269 2920 I
286 2890 402 2931 hardly
418 2886 629 2924 understand,
651 2884 903 2917 notwithstand-

944 2711 1076 2751 sulship,
1104 2712 1120 2741 Ι
1143 2722 1296 2751 suppose3
1323 2711 1475 2741 Metellus
1498 2720 1562 2740 was
1586 2709 1720 2740 careless

946 2755 1044 2785 about
1060 2755 1230 2795 obtaining
1245 2765 1286 2784 an
1301 2754 1390 2784 office
1413 2753 1519 2783 which
1541 2753 1592 2783 his
1611 2752 1720 2783 father

947 2798 1011 2828 and
1037 2798 1250 2837 grandfather
1274 2797 1339 2827 had
1363 2797 1507 2837 enjoyed.
1567 2795 1720 2826 Metellus

948 2841 1017 2871 sold
1032 2841 1122 2872 them
1138 2841 1237 2871 much
1252 2841 1360 2876 lower,
1377 2842 1435 2870 not
1450 2840 1525 2880 only
1540 2839 1623 2870 than
1645 2848 1720 2879 you,

948 2884 1010 2915 but
1026 2884 1123 2915 lower
1138 2884 1220 2915 than
1235 2894 1316 2925 your
1331 2883 1548 2924 predecessors
1564 2881 1641 2912 did?
