1849 3167
139 125 223 167 506
724 124 793 166 IN
825 122 871 165 O.
903 122 1159 165 VERREM

137 239 249 282 servi
269 239 335 281 illi
355 238 625 281 dominorum
645 253 774 294 quam
796 242 842 279 tu
862 236 1117 287 libidinum3
1149 250 1287 291 neque
1316 240 1407 277 tam
1437 236 1613 292 fugitivi
1633 237 1698 278 illi
1719 253 1744 279 a

137 305 320 347 dominis
351 320 480 361 quam
509 309 558 346 tu
584 305 636 346 ab
655 305 753 360 jure
774 308 816 345 et
837 304 888 345 ab
909 302 1076 357 legibus
1094 317 1103 352 ;
1135 317 1272 357 neque
1293 306 1383 343 tam
1402 302 1571 344 barbari
1592 303 1744 358 lingua

137 377 179 413 et
209 371 382 412 natione
411 370 478 411 illi
507 385 636 426 quam
665 375 714 410 tu
742 374 895 410 natura
927 374 969 409 et
998 367 1210 418 moribus;
1242 382 1380 422 neque
1400 372 1489 409 tam
1509 368 1574 410 illi
1602 369 1743 410 hostes

135 437 379 479 hominibus
399 452 529 492 quam
549 442 597 477 tu
618 435 699 476 diis
719 434 1042 475 immortalibus.
1107 433 1225 479 Quae
1246 433 1485 488 deprecatio
1515 439 1578 476 est
1607 435 1743 490 igitur

135 503 175 544 ei
195 503 359 558 reliqua
379 502 454 558 qui
475 501 734 557 indignitate
756 515 910 549 servos,
933 499 1175 541 temeritate
1204 499 1423 555 fugitivos,
1458 500 1612 542 scelere
1646 501 1740 542 bar-

134 569 270 619 baros,
294 568 544 610 crudelitate
565 567 707 607 hostes
727 565 879 607 vicerit
898 560 943 608 2«.ss

191 634 268 676 LI.
300 634 495 675 Audistis
528 633 797 673 Theodorum
828 636 871 672 et
905 631 1170 673 Numenium
1200 635 1243 672 et
1275 629 1548 672 Nicasionem
1576 630 1741 686 legatos

134 700 387 742 Hennenses
414 699 581 755 publice
603 697 743 739 dicere
764 712 852 738 sese
873 713 898 738 a
925 697 1012 739 suis
1032 697 1196 738 civibus
1216 697 1321 738 haec
1341 696 1496 738 habere
1523 697 1737 747 mandata,

132 771 181 807 ut
202 767 382 808 Verrem
403 765 571 806 adirent
592 768 635 805 et
656 779 753 804 eum
781 762 1056 804 simulacrum
1087 762 1252 804 Cereris
1280 767 1323 804 et
1354 762 1569 804 Victoriae
1600 777 1742 817 repos⁴

133 837 300 873 cerent:
333 832 378 872 id
408 831 444 872 si
473 830 785 885 impetrassent,
802 834 912 870 —tum
941 833 990 869 ut
1020 844 1182 870 morem
1211 833 1401 870 veterem
1441 827 1741 870 Hennensium

132 901 442 946 conservarent,
479 896 647 951 publice
683 895 730 936 in
765 910 874 944 eum,
908 894 1079 935 tametsi
1117 899 1312 936 vexasset
1351 893 1554 944 Siciliam,
1595 899 1741 935 tamen

132 963 333 1019 quoniam
366 962 470 1003 haec
506 977 531 1003 a
562 960 794 1017 majoribus
834 960 1032 1001 instituta
1069 960 1328 1015 accepissent
1363 959 1655 1001 testimonium
1685 974 1740 1000 ne

130 1029 244 1085 quod
283 1029 503 1070 dicerent:
537 1027 603 1068 sin
634 1032 777 1068 autem
808 1041 857 1068 ea
886 1041 974 1067 non
1004 1026 1270 1075 reddidisset,
1303 1030 1398 1067 tum
1427 1031 1476 1067 ut
1506 1025 1552 1066 in
1578 1024 1740 1081 judicio

130 1096 336 1144 adessent,
367 1098 462 1135 tum
490 1098 539 1134 ut
569 1093 621 1134 de
651 1093 742 1149 ejus
772 1092 941 1147 injuriis
963 1091 1129 1148 judices
1154 1092 1364 1141 docerent,
1389 1092 1462 1133 sed
1482 1091 1667 1132 maxime
1688 1091 1740 1131 de

130 1160 337 1215 religione
358 1164 649 1214 quererentur.
713 1158 828 1205 Quas
849 1158 1022 1199 illorum
1049 1157 1335 1213 querimonias
1362 1157 1507 1207 nolite,
1535 1172 1612 1212 per
1641 1156 1739 1197 deos

129 1225 401 1274 immortales,
444 1224 689 1279 aspernari3
733 1224 865 1265 nolite
906 1228 1175 1265 contemnere
1211 1238 1259 1265 ac
1293 1222 1527 1278 negligere,
1559 1221 1737 1277 judices,

130 1291 336 1346 Aguntur
355 1289 539 1345 injuriae
561 1289 791 1331 sociorum:
825 1288 972 1344 agitur
1003 1289 1068 1329 vis
1092 1288 1266 1344 legum:
1299 1288 1445 1342 agitur
1477 1285 1738 1328 existimatio

129 1356 371 1411 veritasque
396 1355 668 1411 judiciorum.
732 1354 851 1401 Quae
882 1361 982 1395 sunt
1012 1354 1155 1395 omnia
1185 1368 1433 1408 permagna,
1455 1367 1604 1394 verum
1626 1351 1736 1392 illud

129 1422 389 1463 maximum:
421 1426 542 1462 tanta
563 1420 770 1476 religione
791 1419 994 1461 obstricta
1014 1423 1104 1460 tota
1125 1418 1346 1473 provincia
1361 1424 1436 1468 est,
1455 1422 1576 1459 tanta
1592 1432 1736 1472 super-

129 1487 246 1529 stitio
267 1501 321 1528 ex
340 1486 462 1528 istius
483 1485 593 1527 facto
614 1490 777 1527 mentes
798 1485 991 1526 omnium
1018 1483 1258 1526 Siculorum
1280 1483 1516 1539 occupavit,
1540 1488 1587 1524 ut
1609 1497 1736 1538 quae-

174 1620 225 1650 51.
249 1618 422 1659 instituta]
469 1617 537 1648 The
553 1628 702 1648 common
724 1617 860 1658 reading
883 1617 910 1647 is
954 1616 1137 1651 Manutius,
1153 1615 1215 1646 but
1231 1615 1360 1655 against
1376 1615 1419 1645 all
1434 1615 1492 1645 the
1508 1614 1604 1645 MSS.
1622 1616 1737 1655 except

131 1662 354 1697 ‘constituta,'
371 1661 478 1692 which
504 1661 675 1691 Hotmann
696 1661 803 1691 would
827 1661 910 1691 have

130 1706 255 1736 altered
267 1708 301 1736 to
315 1704 500 1735 ‘instituta'
517 1704 547 1734 if
557 1704 597 1734 he
610 1704 705 1735 could
717 1704 799 1734 have
809 1704 911 1734 found

130 1749 201 1780 MS.
219 1749 398 1789 authority.
445 1748 513 1778 But
538 1747 609 1783 R3,
634 1753 666 1783 λ,
691 1747 752 1787 Lg.
770 1749 811 1778 29
827 1748 909 1778 have

130 1797 138 1809 ‘
149 1792 326 1828 instituta,'
343 1792 407 1822 and
423 1791 450 1822 it
466 1791 492 1821 is
508 1791 565 1821 the
581 1791 670 1821 word
686 1791 764 1821 used
780 1791 814 1821 in
830 1791 910 1821 such

129 1846 226 1867 cases.
271 1835 339 1865 The
356 1835 409 1865 old
424 1834 561 1874 reading
581 1834 720 1874 ‘judicio
736 1834 910 1870 adessent?

129 1879 235 1909 which
261 1878 361 1909 Orelli
387 1878 446 1908 has
470 1877 628 1914 retained,
650 1888 715 1907 was
743 1877 911 1908 corrected

128 1923 172 1964 by
203 1922 390 1952 Lambinus.
448 1925 457 1938 ‘
467 1921 586 1951 Adesse
597 1921 606 1933 ³
638 1921 719 1951 with
750 1932 769 1951 a
799 1921 909 1951 dative

128 1976 240 1996 means
256 1970 265 1982 ‘
276 1968 311 1996 to
326 1965 365 1995 be
378 1967 509 2005 present
525 1975 559 1994 as
575 1975 594 1994 a
608 1964 742 2004 helper.'
767 1964 825 1995 Sec
836 1964 909 1994 Lib.

129 2011 160 2041 2.
177 2020 204 2039 0.
222 2010 281 2045 29;
307 2008 378 2038 Lib.
396 2010 426 2038 4.
444 2018 471 2038 c.
488 2008 539 2038 36.

172 2053 327 2092 Afflmtzcr
343 2050 503 2092 injuriae]
529 2050 607 2080 This
623 2050 712 2081 word
729 2054 738 2067 ‘
750 2061 846 2091 agere
857 2050 866 2063 '
882 2050 909 2080 is

128 2106 148 2126 a
160 2095 248 2125 word
263 2096 300 2125 of
311 2095 368 2125 the
381 2097 466 2125 most
482 2094 614 2134 general
629 2104 685 2124 use
697 2095 731 2124 in
741 2094 798 2124 the
810 2094 910 2124 Latin

128 2139 301 2179 language.
349 2138 382 2168 It
406 2148 516 2168 means
538 2137 615 2167 here
640 2137 716 2167 ‘the
733 2147 861 2177 wrongs
877 2137 914 2167 of

128 2182 186 2212 the
207 2182 295 2212 allies
311 2192 365 2211 are
381 2181 415 2210 in
431 2180 602 2221 question.’
647 2180 752 2210 There
767 2180 794 2210 is
810 2191 829 2210 a
843 2180 909 2210 like

128 2236 263 2265 passage
279 2225 313 2254 in
330 2224 468 2260 Horace,
486 2225 504 2254 1
523 2223 582 2263 Ep.
599 2223 687 2253 xviii.
704 2225 765 2254 84:

129 2288 150 2301 ‘⁵
160 2284 247 2314 Nam
257 2286 316 2314 tua
332 2293 382 2314 res
393 2283 504 2323 agitur
513 2282 618 2322 paries
631 2292 732 2322 quum
743 2283 909 2322 proximus

217 2327 344 2357 ardet.'’

130 2394 250 2433 Zumpt
277 2393 424 2423 observes
448 2392 524 2422 that
556 2393 721 2431 ‘aguntur
751 2391 909 2432 injuriae'

129 2447 204 2477 may
215 2438 323 2466 create
340 2446 358 2465 a
373 2435 533 2475 difficulty
545 2447 553 2470 ;
570 2435 634 2464 and
649 2435 690 2465 he
706 2435 785 2464 adds
802 2439 821 2451 “
833 2445 909 2464 nam

130 2482 290 2520 quantum
314 2480 389 2514 scio,
407 2478 462 2518 ayo*
481 2477 603 2507 dicitur
624 2477 667 2513 id,
684 2478 770 2517 quod
790 2487 831 2507 ne
853 2488 907 2517 pe-

129 2526 200 2553 reat
217 2521 396 2562 periculum
412 2521 494 2551 est.''
519 2520 587 2550 The
603 2520 656 2550 old
671 2520 810 2550 editions
826 2520 908 2550 have

131 2567 199 2606 ‘jus
223 2565 353 2605 legum)
401 2564 474 2603 (See
498 2563 546 2593 Dc
571 2563 685 2599 Domo,
707 2573 733 2593 c.
751 2564 802 2599 15,
820 2566 907 2599 note,

129 2609 200 2639 Vol.
218 2609 276 2649 iii.)
305 2608 373 2638 The
389 2607 561 2637 difference
576 2607 723 2636 between
741 2609 749 2622 ‘
760 2606 827 2636 uis'
845 2606 909 2636 and

131 2652 218 2682 ‘ius’
243 2652 269 2681 is
293 2662 326 2681 so
349 2651 460 2691 slight,
477 2650 553 2680 that
576 2649 655 2679 such
678 2660 696 2679 a
712 2648 851 2679 mistake
875 2649 909 2679 in

129 2696 187 2726 the
214 2695 309 2725 MSS.
335 2705 409 2734 may
435 2693 532 2733 easily
556 2693 693 2732 happen.
740 2693 859 2732 Zumpt
882 2692 909 2722 15

130 2738 271 2768 inclined
295 2740 330 2767 to
356 2738 449 2767 write
481 2736 674 2766 ‘severitas'
700 2735 733 2765 in
760 2735 849 2775 place
876 2736 913 2765 of

129 2782 270 2811 ‘veritas
281 2781 301 2816 3'
332 2781 396 2810 and
423 2780 463 2810 he
490 2780 589 2810 refers
614 2781 649 2809 to
675 2779 750 2809 Act.
777 2778 797 2808 i.
824 2789 850 2808 0.
876 2780 906 2815 1,

130 2825 237 2855 where
253 2824 293 2854 hc
308 2824 366 2853 11115
379 2823 509 2853 written
529 2826 537 2839 ‘
548 2823 737 2863 religionem
753 2822 906 2852 severita-

129 2867 284 2908 temquc‚’
308 2866 483 2906 according
513 2868 548 2897 to
578 2866 635 2897 the
660 2865 844 2906 conjecture
874 2866 911 2895 of

955 1670 1025 1690 one.
1072 1659 1112 1689 In
1138 1659 1205 1689 this
1230 1668 1364 1698 passage
1388 1658 1537 1688 however
1556 1658 1598 1688 he
1613 1658 1737 1688 retains

956 1702 1120 1738 ‘veritas,'
1137 1702 1202 1732 and
1217 1702 1251 1732 in
1268 1701 1339 1731 Lib.
1353 1703 1383 1732 3.
1401 1712 1427 1732 c.
1444 1702 1486 1732 69
1502 1702 1543 1732 he
1558 1701 1616 1732 has
1634 1705 1642 1717 ‘
1654 1701 1737 1731 veri-

954 1748 1025 1777 tate
1044 1745 1265 1786 judiciorum?
1312 1745 1416 1775 There
1443 1755 1544 1775 seems
1567 1755 1609 1775 no
1633 1744 1737 1775 doubt

954 1790 1030 1820 that
1048 1793 1056 1806 ‘
1067 1789 1188 1819 veritas
1199 1788 1400 1829 judiciorum
1410 1788 1419 1801 ⁹
1435 1788 1462 1818 is
1479 1788 1590 1818 Latin.
1622 1788 1663 1818 In
1678 1788 1737 1818 the

955 1842 1088 1873 passage
1113 1832 1148 1862 in
1171 1833 1246 1862 Act.
1267 1832 1288 1861 i.
1315 1842 1342 1861 0.
1371 1832 1389 1861 1
1410 1832 1505 1862 there
1524 1831 1551 1861 15
1575 1841 1664 1861 111010
1683 1841 1736 1861 ex·
1759 1844 1762 1845 ⁷

956 1886 1031 1907 cnse
1046 1876 1097 1906 for
1113 1875 1309 1916 conjecture,
1321 1885 1355 1905 as
1370 1875 1428 1905 the
1438 1875 1543 1905 words
1559 1878 1568 1891 ‘
1578 1884 1687 1905 severe
1699 1884 1737 1904 ac

954 1919 1110 1960 religione
1120 1919 1129 1932 ³
1154 1929 1208 1949 are
1225 1918 1304 1949 used
1319 1918 1354 1948 in
1369 1918 1427 1949 the
1443 1918 1516 1949 first
1531 1920 1607 1958 part
1622 1917 1660 1948 of
1678 1917 1736 1948 the

954 1965 1117 1994 sentence.

997 2004 1206 2046 superstitio]
1233 2004 1345 2035 Cicero
1360 2004 1418 2034 has
1434 2004 1562 2035 defined
1577 2004 1634 2035 the
1646 2004 1737 2035 word

955 2049 1019 2090 (De
1035 2049 1115 2079 Nat.
1132 2049 1287 2084 Deorum,
1304 2048 1324 2078 i.
1342 2048 1396 2088 42)
1411 2060 1418 2078 ι
1436 2047 1540 2078 “Nisi
1556 2048 1642 2078 forte
1660 2047 1735 2078 Dia-

954 2103 1067 2133 goram
1098 2094 1157 2122 aut
1183 2091 1399 2127 Theodorum,
1425 2091 1481 2131 qui
1507 2091 1638 2121 omnino
1660 2091 1736 2121 deos

954 2146 1020 2166 esse
1051 2135 1227 2176 negabant,
1259 2145 1368 2165 censes
1398 2134 1638 2174 superstitiosos
1668 2143 1735 2164 esse

954 2178 1107 2219 potuisse.
1140 2178 1210 2218 Ego
1226 2188 1266 2207 ne
1283 2177 1498 2217 Protagoram
1514 2177 1665 2216 quidem;
1682 2176 1735 2207 cui

952 2224 1108 2252 neutrum
1123 2221 1255 2251 licuerit
1270 2230 1329 2250 nec
1340 2230 1406 2250 0550
1416 2220 1490 2250 (1005
1500 2229 1559 2250 nec
1575 2230 1640 2250 non
1656 2229 1734 2250 esse.

953 2265 1082 2295 Horum
1098 2264 1185 2294 enim
1200 2263 1382 2293 sententiae
1398 2263 1542 2292 omnium
1558 2273 1623 2293 non
1639 2263 1734 2293 modo

953 2307 1219 2347 superstitionem
1241 2306 1375 2341 tollunt,
1391 2305 1426 2335 'm
1441 2316 1505 2345 qua
1526 2305 1611 2336 inest
1634 2306 1734 2336 timor

952 2350 1058 2380 inanis
1078 2349 1224 2384 deorum,
1241 2349 1297 2379 sed
1317 2348 1417 2378 etiam
1439 2349 1630 2388 religionem
1651 2359 1734 2389 quae

953 2393 1088 2423 deorum
1103 2392 1156 2432 pio
1172 2392 1265 2422 cultu
1281 2391 1503 2428 continetur,”
1521 2392 1576 2422 &c

997 2435 1065 2465 The
1081 2434 1224 2465 Romans
1244 2435 1484 2474 distinguished
1505 2438 1514 2451 ‘
1524 2435 1713 2475 superstitio
1723 2435 1733 2448 ’

951 2478 1036 2508 from
1057 2478 1209 2518 ‘religio'
1233 2478 1295 2518 (De
1316 2478 1396 2508 Nat.
1418 2478 1572 2515 Deorum,
1593 2478 1627 2509 ii.
1655 2478 1732 2519 28):

953 2525 1049 2551 “non
1069 2521 1154 2551 enim
1174 2521 1355 2561 philosophi
1376 2521 1478 2551 solum
1499 2532 1612 2552 verum
1632 2521 1733 2552 etiam

952 2565 1089 2605 majores
1119 2564 1222 2594 nostri
1245 2565 1509 2604 superstitionem
1534 2575 1551 2594 a
1576 2564 1732 2605 religione

953 2607 1220 2647 separaverunt.’'
1266 2608 1333 2638 The
1350 2608 1439 2638 word
1454 2608 1641 2648 manifestly
1657 2617 1731 2638 con-

953 2651 1039 2680 tains
1055 2651 1112 2681 the
1128 2661 1214 2681 same
1235 2651 1391 2681 elements
1412 2662 1445 2681 as
1470 2655 1478 2667 ‘
1491 2650 1675 2691 supersteS,³
1699 2650 1737 2681 of

953 2694 1059 2724 which
1082 2694 1140 2731 ssic
1168 2694 1267 2724 crude
1286 2694 1368 2724 form
1390 2695 1416 2724 is
1438 2695 1615 2734 ‘superstit
1625 2694 1645 2730 ς’
1669 2694 1730 2724 but

953 2737 1065 2767 Cicero
1077 2737 1200 2777 assigns
1217 2748 1258 2767 an
1275 2737 1395 2767 absurd
1410 2747 1523 2768 reason
1537 2737 1588 2767 for
1603 2737 1660 2767 the
1676 2747 1730 2776 ap-

950 2780 1105 2820 plication
1121 2782 1158 2810 of
1169 2781 1226 2811 the
1243 2781 1342 2811 word.
1378 2780 1571 2811 Lactantius
1589 2780 1644 2820 (iv.
1662 2779 1729 2818 28),

950 2824 1072 2863 quoted
1087 2824 1129 2863 by
1147 2821 1329 2860 Forcellini,
1342 2823 1432 2864 gives
1447 2834 1466 2853 a
1481 2824 1590 2854 better
1606 2831 1728 2857 reason,

951 2867 1078 2907 though
1095 2867 1122 2898 it
1138 2877 1212 2908 may
1228 2869 1287 2898 not
1302 2867 1341 2898 bc
1356 2867 1414 2898 the
1430 2868 1505 2898 true
1520 2877 1590 2897 0110.
1622 2865 1728 2904 Every
