1849 3167
179 156 263 198 358
762 156 832 200 ΙΝ
863 157 908 200 Ο.
939 157 1196 199 VERREM

180 268 356 311 dedisse.
416 270 562 326 Atque
581 271 661 313 hoc
682 270 727 312 in
747 272 941 313 beneficii
971 271 1061 313 loco
1081 272 1264 327 petitum
1285 278 1347 315 est
1375 275 1428 316 ab
1447 274 1640 331 Apronio
1660 281 1708 318 ut
1735 277 1782 318 in

175 334 330 390 jugera
365 334 534 391 singula
568 337 701 378 ternis
736 337 961 378 medimnis
996 337 1189 378 decidere
1223 338 1381 380 liceret.
1441 339 1555 382 Nam
1589 357 1721 397 quum
1757 358 1780 383 a

180 400 327 442 multis
358 407 563 456 quaterna
593 403 722 442 etiam
752 402 882 457 quina
907 402 1194 457 exigerentur,
1217 404 1364 446 multis
1389 411 1530 447 autem
1550 422 1635 448 non
1656 408 1780 449 modo

182 480 365 521 granum
394 467 561 507 nullum
592 468 663 508 sed
693 482 746 507 ne
776 467 921 522 paleae
951 468 1124 522 quidem
1159 484 1213 509 ex
1242 470 1359 510 omni
1388 470 1529 512 fructu
1565 477 1691 527 atque
1727 488 1781 513 cx

181 545 322 571 annuo
342 531 484 573 labore
504 533 857 587 relinquerentur,
874 537 964 573 tum
985 538 1170 575 aratores
1187 533 1467 590 Centuripini,
1485 537 1559 592 qui
1579 553 1780 579 numerus

180 595 226 636 in
249 611 352 651 agro
372 597 581 638 Leontino
602 598 813 638 maximus
834 603 908 647 est,
923 614 1057 639 unum
1078 598 1123 639 in
1145 599 1284 640 locum
1305 608 1616 652 convenerunt3
1642 603 1778 644 homi-

179 675 280 702 nem
315 677 413 703 suae
447 663 633 704 civitatis
672 664 719 703 in
758 663 908 718 primis
947 665 1173 706 honestum
1213 681 1260 707 ac
1294 666 1492 716 nobilem,
1530 667 1780 710 Andronem

181 725 520 782 Centuripinum,
542 727 742 782 legarunt
772 729 827 770 ad
846 729 1099 784 Apronium,
1123 731 1304 771 eundem
1328 747 1455 786 quem
1482 732 1562 774 hoc
1591 738 1780 788 tempore

179 792 233 832 ad
262 792 340 832 hoc
359 793 570 847 judicium
599 793 790 849 legatum
811 799 853 835 et
873 800 1026 835 testem
1047 795 1326 851 Centuripina
1346 797 1494 839 civitas
1517 798 1646 848 misit,
1669 803 1717 839 ut
1744 799 1781 839 is

179 858 292 911 apud
313 873 408 899 eum
430 873 599 900 causam
619 865 835 901 aratorum
862 865 1008 916 ageret
1035 861 1087 902 ab
1111 877 1241 916 eoque
1270 867 1433 917 peteret
1462 868 1511 903 ut
1538 864 1590 905 ab
1617 869 1777 905 arator-

177 921 271 963 ibus
286 922 576 979 Centuripinis
595 940 649 966 ne
663 925 843 980 amplius
864 926 910 966 in
925 926 1079 981 jugera
1101 927 1270 982 singula
1286 943 1414 982 quam
1428 933 1550 969 terna
1564 929 1781 970 medimna

177 987 381 1043 exigeret.
424 989 519 1030 Hoc
534 990 610 1030 vix
630 991 683 1032 ab
699 991 891 1046 Apronio
912 992 958 1032 in
978 1007 1142 1033 summo
1162 993 1365 1035 beneficio
1385 1009 1462 1048 pro
1482 995 1535 1035 iis
1556 995 1629 1050 qui
1650 996 1780 1036 etiam

176 1057 270 1093 tum
290 1054 522 1096 incolumes
543 1061 664 1096 erant
684 1056 960 1112 impetratum
982 1062 1056 1098 cst.
1118 1058 1173 1098 Id
1199 1073 1331 1113 quum
1357 1059 1678 1114 impetrabatur,
1700 1061 1780 1102 hoc

175 1118 374 1161 videlicet
394 1120 703 1175 impetrabatur
723 1128 771 1163 ut
791 1138 868 1177 pro
889 1123 1071 1179 singulis
1092 1124 1279 1165 decumis
1300 1129 1442 1165 ternas
1463 1125 1659 1166 decumas
1679 1126 1780 1167 dare

175 1182 334 1225 liceret.
400 1185 560 1231 Quodsi
592 1191 666 1227 tua
693 1202 759 1228 res
786 1203 873 1228 non
900 1194 1111 1242 ageretur,
1146 1204 1170 1229 a
1199 1193 1239 1229 te
1263 1189 1402 1243 potius
1431 1190 1696 1244 postularent
1725 1205 1780 1231 ne

177 1250 359 1304 amplius
389 1266 516 1306 quam
545 1251 736 1307 singulas
764 1268 891 1308 quam
918 1255 971 1295 ab
992 1254 1185 1309 Apronio
1212 1260 1259 1295 ut
1283 1270 1337 1296 ne
1357 1255 1453 1310 plus
1481 1271 1609 1311 quam
1635 1262 1780 1297 ternas

176 1313 373 1356 decumas
400 1317 564 1358 darent.
625 1317 765 1367 Nunc,
790 1323 836 1358 ut
863 1318 941 1359 1100
966 1325 1156 1373 tempore
1181 1335 1229 1360 ea
1257 1335 1365 1375 quae
1394 1321 1511 1375 regie
1535 1336 1608 1362 seu
1636 1322 1780 1376 potius

175 1381 398 1434 tyrannice
431 1382 581 1423 statuit
615 1382 662 1422 in
697 1388 883 1424 aratores
915 1383 1134 1438 Apronius
1168 1386 1510 1439 praetermittam
1541 1401 1678 1441 neque
1710 1402 1779 1428 eos

176 1445 386 1499 appellem
415 1462 439 1487 a
469 1447 622 1501 quibus
652 1462 776 1489 omne
806 1448 1069 1489 frumentum
1099 1449 1268 1504 eripuit,
1299 1455 1340 1491 et
1370 1451 1522 1506 quibus
1551 1452 1663 1493 nihil
1692 1468 1779 1494 non

175 1511 299 1552 modo
327 1512 379 1553 de
399 1512 542 1553 fructu
567 1513 639 1554 sed
663 1529 717 1554 ne
748 1514 799 1554 de
820 1514 941 1555 bonis
969 1515 1142 1570 quidem
1167 1516 1252 1557 suis
1279 1516 1433 1572 reliqui
1454 1517 1567 1567 fecit,
1590 1533 1643 1558 ex
1663 1518 1779 1560 hisce

174 1577 308 1617 ternis
329 1577 567 1627 medimnis,
585 1579 699 1633 quod
720 1579 914 1620 beneficii
935 1581 1182 1636 gratiaeque
1204 1596 1328 1622 causa
1348 1583 1565 1632 concessit,
1580 1584 1684 1638 quid
1704 1583 1780 1625 fiat

175 1643 427 1696 cognoscite.

231 1707 397 1749 XLIX.
439 1707 650 1750 Professio
686 1713 749 1750 est
784 1709 879 1764 agri
914 1709 1116 1751 Leontini
1150 1711 1205 1752 ad
1238 1711 1442 1767 jugerum
1477 1711 1580 1754 §352
1659 1712 1780 1755 Haec

174 1786 273 1822 sunt
304 1782 358 1822 ad
388 1781 521 1823 tritici
549 1782 814 1824 medimnum
840 1784 915 1834 ff,
947 1783 992 1824 id
1022 1789 1096 1833 est,
1128 1785 1238 1826 mod.
1273 1785 1387 1826 ffi:
1425 1786 1615 1827 deductis
1645 1786 1779 1828 tritici

174 1847 285 1887 mod.
310 1863 453 1897 ccxm,
468 1848 619 1902 quanti
640 1848 840 1890 decumae
860 1849 1098 1899 venierunt,
1113 1850 1276 1906 reliqua
1298 1856 1397 1892 sunt
1417 1852 1552 1893 tritici
1575 1869 1777 1895 cccxxiv.

174 1912 300 1953 Adde
332 1912 461 1954 totius
491 1929 679 1954 summae
707 1927 795 1955 DxL
830 1914 1015 1955 millium
1044 1915 1234 1956 modium
1266 1920 1349 1957 tres
1379 1916 1777 1974 quinquagesimas3

176 1978 226 2019 fit
260 1979 395 2019 tritici
429 1980 538 2020 mod.
579 1994 704 2020 xxxii
743 1994 860 2021 cccc:
903 1981 956 2022 ab
991 1981 1186 2022 omnibus
1222 1981 1337 2022 enim
1377 1987 1522 2023 ternae
1561 1990 1779 2038 praeterea

177 2044 554 2098 quinquagesimae
574 2045 879 2100 exigebantur:
907 2051 1005 2086 sunt
1025 2046 1129 2087 haec
1144 2047 1237 2102 jam
1257 2047 1311 2087 ad
1335 2064 1474 2089 cchx
1496 2049 1606 2089 mod.
1629 2049 1776 2090 tritici.

176 2109 238 2149 At
259 2124 338 2163 ego
361 2124 466 2150 cccc
488 2109 724 2151 lucrifacta
745 2126 832 2151 esse
853 2110 1070 2152 dixeram:
1092 2126 1178 2152 non
1195 2112 1309 2153 enim
1325 2112 1432 2153 duco
1447 2113 1494 2154 in
1514 2113 1594 2155 hac
1614 2114 1779 2154 ratione

178 2188 245 2214 eos
270 2173 422 2228 quibus
451 2174 584 2215 ternis
613 2175 840 2216 medimnis
869 2190 955 2216 non
986 2181 1048 2216 est
1077 2175 1244 2217 licitum
1273 2177 1477 2218 decidere.
1538 2178 1701 2219 Verum
1729 2183 1778 2220 ut

177 2238 257 2279 hac
296 2238 387 2292 ipsa
425 2239 589 2280 ratione
630 2255 839 2281 summam
878 2240 962 2281 mci
1000 2241 1195 2294 promissi
1235 2241 1479 2295 compleam,
1514 2243 1568 2283 ad
1608 2243 1779 2298 singula

177 2303 392 2344 medimna
427 2303 554 2344 multi
589 2304 665 2345 HS
701 2305 834 2354 binos,
865 2304 993 2345 multi
1027 2304 1105 2345 HS
1140 2305 1329 2360 singulos
1365 2306 1490 2347 semis
1531 2307 1777 2349 accessionis

183 2440 190 2447 .
209 2439 216 2446 .
233 2417 298 2453 an,'
314 2416 421 2446 which
440 2417 547 2447 would
570 2417 648 2448 here
671 2417 792 2458 signify
812 2421 821 2435 ‘
834 2417 956 2448 Which
1000 2418 1037 2448 of
1049 2428 1120 2449 case
1136 2418 1174 2449 of
1184 2418 1410 2459 reduplicated
1435 2430 1472 2450 or
1496 2421 1662 2461 emphatic
1677 2432 1776 2463 nega-

181 2470 246 2490 was
262 2459 316 2490 it?
362 2459 429 2489 Did
452 2460 493 2490 110
518 2460 613 2490 make
629 2471 648 2490 a
662 2461 813 2497 mistake,
830 2471 866 2491 or
891 2471 956 2490 was
1000 2461 1081 2491 tion.

181 2503 222 2533 he
247 2503 323 2532 mad
335 2502 365 2533 P’
411 2503 480 2533 But
497 2502 635 2533 Cicero's
659 2504 743 2533 form
768 2504 805 2533 of
828 2514 954 2543 expres·
1042 2505 1095 2535 49.
1133 2504 1320 2546 Professz‘o]
1382 2505 1419 2536 If
1446 2517 1494 2537 we
1523 2507 1619 2538 write
1650 2518 1777 2540 ccel.v1

181 2546 251 2576 sion
278 2546 353 2576 does
378 2548 437 2576 not
457 2546 546 2576 leave
567 2546 595 2576 it
618 2546 653 2576 in
679 2546 802 2583 doubt;
826 2547 883 2577 the
899 2557 954 2576 an-
1000 2555 1096 2583 cccc,
1113 2547 1170 2578 the
1186 2548 1366 2588 reckoning
1381 2549 1407 2578 is
1424 2549 1520 2579 clear.

182 2600 264 2619 swer
279 2591 368 2619 must
383 2589 422 2620 be
439 2589 500 2619 ‘he
525 2599 590 2619 was
610 2589 708 2625 mad,’
733 2589 808 2620 that
831 2590 868 2626 is,
894 2590 955 2620 ‘he
1043 2591 1139 2620 mulli
1156 2591 1213 2620 HS
1231 2591 1332 2628 binos,
1350 2591 1423 2633 effic]
1471 2593 1539 2623 The
1555 2593 1609 2623 old
1629 2594 1776 2634 reading,

181 2632 289 2662 would
305 2632 386 2662 have
403 2632 483 2662 been
499 2632 585 2668 mad,
602 2632 647 2661 if’
665 2632 720 2662 ἃς.
1002 2634 1067 2663 and
1076 2634 1151 2664 that
1162 2636 1198 2664 of
1210 2633 1322 2671 Orelli,
1335 2635 1362 2664 is
1380 2635 1496 2665 ‘multi
1513 2635 1572 2666 HS
1588 2636 1662 2673 duo,
1680 2637 1777 2667 multi

226 2686 289 2705 ozon
305 2676 398 2705 modo
410 2685 552 2715 granum
568 2674 709 2716 nullum]
751 2675 844 2705 Some
861 2675 956 2705 MSS.
1002 2676 1060 2706 HS
1072 2677 1213 2717 quinque
1223 2678 1435 2714 accessionis:
1446 2678 1512 2714 &c.,
1520 2681 1556 2708 to
1566 2679 1673 2709 which
1683 2680 1777 2710 there

182 2718 264 2747 have
282 2719 427 2754 ‘ullumj
445 2721 598 2758 contrary
622 2721 657 2748 to
680 2728 789 2758 usage.
836 2718 957 2758 Zumpt
1002 2730 1056 2749 are
1080 2723 1145 2750 two
1168 2720 1354 2761 objections.
1403 2721 1502 2758 First,
1529 2722 1586 2752 the
1617 2725 1727 2752 orator
1750 2723 1777 2752 is

182 2761 282 2790 refers
309 2764 344 2791 to
372 2761 443 2791 Lib.
470 2763 500 2791 4.
526 2772 552 2791 c.
579 2763 630 2798 22,
649 2765 733 2791 ‘nou
757 2761 852 2791 modo
868 2762 955 2801 oppi—
1003 2763 1121 2803 clearly
1138 2763 1332 2804 procccding
1348 2763 1432 2794 from
1448 2765 1505 2795 the
1528 2764 1660 2804 highest
1683 2775 1777 2795 num-

184 2803 262 2832 dum
279 2804 421 2833 nullum'
439 2805 495 2834 ἅο.
542 2804 575 2834 It
591 2805 617 2834 is
634 2804 758 2835 certain
777 2804 852 2834 that
869 2804 959 2834 ‘nul-
1003 2805 1071 2841 bcr,
1090 2810 1098 2822 ‘
1111 2806 1198 2843 two,'
1216 2809 1251 2837 to
1267 2806 1325 2836 the
1345 2807 1468 2844 lowest,
1495 2810 1503 2824 ‘
1515 2807 1595 2838 one'
1620 2808 1778 2848 (singulos

182 2845 250 2875 lum
262 2846 270 2859 '
288 2847 396 2886 might
411 2847 451 2877 be
467 2847 617 2878 omitted.
665 2848 699 2878 It
715 2848 742 2877 is
758 2847 910 2877 doubtful
934 2848 964 2877 if
1003 2849 1165 2890 nummos)
1177 2862 1186 2885 3
1210 2849 1275 2879 and
1290 2849 1454 2880 therefore
1471 2853 1481 2867 ‘
1491 2860 1550 2880 one
1577 2851 1642 2880 and
1663 2861 1681 2881 a
1693 2851 1776 2881 frac-

183 2892 192 2905 ‘
206 2889 307 2919 ullum
320 2890 328 2901 ’
345 2890 451 2919 would
463 2890 514 2921 do.
550 2890 618 2921 The
635 2894 644 2907 ‘
654 2891 796 2921 nullum'
809 2890 835 2920 is
847 2900 865 2920 a
878 2890 959 2920 kind
1003 2892 1073 2922 tion
1084 2892 1093 2904 '
1110 2893 1146 2922 of
1157 2902 1243 2922 some
1259 2892 1340 2922 kind
1355 2893 1470 2923 should
1496 2893 1676 2924 intcrvene.
1722 2893 1777 2923 Se-
