<?xml version="1.0" encoding="UTF-8"?>
<!DOCTYPE html PUBLIC "-//W3C//DTD XHTML 1.0 Transitional//EN"
    "http://www.w3.org/TR/xhtml1/DTD/xhtml1-transitional.dtd">
<html xmlns="http://www.w3.org/1999/xhtml" xml:lang="en" lang="en">
 <head>
  <title>
</title>
<meta http-equiv="Content-Type" content="text/html;charset=utf-8" />
  <meta name='ocr-system' content='tesseract 3.04.00' />
  <meta name='ocr-capabilities' content='ocr_page ocr_carea ocr_par ocr_line ocrx_word'/>
</head>
<body>
  <div class='ocr_page' id='page_1' title='image "./orationeswithcom01ciceuoft_0622.png"; bbox 0 0 1849 3167; ppageno 0'>
   <div class='ocr_carea' id='block_1_1' title="bbox 168 100 1184 147">
    <p class='ocr_par' dir='ltr' id='par_1_1' title="bbox 168 100 1184 147">
     <span class='ocr_line' id='line_1_1' title="bbox 168 100 1184 147; baseline -0.006 0"><span class='ocrx_word' id='word_1_1' title='bbox 168 106 251 147; x_wconf 84' lang='lat'>602</span> <span class='ocrx_word' id='word_1_2' title='bbox 748 101 817 145; x_wconf 90' lang='lat' dir='ltr'>IN</span> <span class='ocrx_word' id='word_1_3' title='bbox 849 102 894 144; x_wconf 81' lang='lat' dir='ltr'>O.</span> <span class='ocrx_word' id='word_1_4' title='bbox 928 100 1184 144; x_wconf 84' lang='lat' dir='ltr'><strong>VERREM</strong></span> 
     </span>
    </p>
   </div>
   <div class='ocr_carea' id='block_1_2' title="bbox 167 212 1772 1911">
    <p class='ocr_par' dir='ltr' id='par_1_2' title="bbox 167 212 1767 927">
     <span class='ocr_line' id='line_1_2' title="bbox 167 212 1764 274; baseline -0.003 -14"><span class='ocrx_word' id='word_1_5' title='bbox 167 235 248 269; x_wconf 90' lang='lat' dir='ltr'>me,</span> <span class='ocrx_word' id='word_1_6' title='bbox 270 217 391 274; x_wconf 90' lang='lat' dir='ltr'>quasi</span> <span class='ocrx_word' id='word_1_7' title='bbox 406 216 583 259; x_wconf 90' lang='lat' dir='ltr'>dubium</span> <span class='ocrx_word' id='word_1_8' title='bbox 599 215 654 259; x_wconf 91' lang='lat' dir='ltr'>sit</span> <span class='ocrx_word' id='word_1_9' title='bbox 667 216 841 272; x_wconf 84' lang='lat' dir='ltr'>aliquid,</span> <span class='ocrx_word' id='word_1_10' title='bbox 860 218 1126 271; x_wconf 86' lang='lat' dir='ltr'>argumenta,</span> <span class='ocrx_word' id='word_1_11' title='bbox 1137 212 1315 269; x_wconf 67' lang='lat' dir='ltr'>judiees,</span> <span class='ocrx_word' id='word_1_12' title='bbox 1333 219 1598 269; x_wconf 83' lang='lat' dir='ltr'>exspectare:</span> <span class='ocrx_word' id='word_1_13' title='bbox 1621 214 1764 256; x_wconf 87' lang='lat' dir='ltr'>omnia</span> 
     </span>
     <span class='ocr_line' id='line_1_3' title="bbox 168 280 1764 340; baseline -0.003 -14"><span class='ocrx_word' id='word_1_14' title='bbox 168 300 275 340; x_wconf 87' lang='lat' dir='ltr'>quae</span> <span class='ocrx_word' id='word_1_15' title='bbox 305 285 444 325; x_wconf 89' lang='lat' dir='ltr'>dicam</span> <span class='ocrx_word' id='word_1_16' title='bbox 474 283 533 325; x_wconf 90' lang='lat' dir='ltr'>sic</span> <span class='ocrx_word' id='word_1_17' title='bbox 563 287 688 324; x_wconf 89' lang='lat' dir='ltr'>erunt</span> <span class='ocrx_word' id='word_1_18' title='bbox 717 282 900 323; x_wconf 75' lang='lat' dir='ltr'>illustria</span> <span class='ocrx_word' id='word_1_19' title='bbox 930 287 978 322; x_wconf 90' lang='lat' dir='ltr'>ut</span> <span class='ocrx_word' id='word_1_20' title='bbox 1009 281 1062 322; x_wconf 85' lang='lat' dir='ltr'>ad</span> <span class='ocrx_word' id='word_1_21' title='bbox 1093 296 1141 321; x_wconf 87' lang='lat' dir='ltr'>ea</span> <span class='ocrx_word' id='word_1_22' title='bbox 1170 280 1388 335; x_wconf 88' lang='lat' dir='ltr'>probanda</span> <span class='ocrx_word' id='word_1_23' title='bbox 1415 285 1548 322; x_wconf 88' lang='lat' dir='ltr'>totam</span> <span class='ocrx_word' id='word_1_24' title='bbox 1575 281 1764 323; x_wconf 79' lang='lat' dir='ltr'>Siciliam</span> 
     </span>
     <span class='ocr_line' id='line_1_4' title="bbox 168 345 1764 404; baseline -0.004 -12"><span class='ocrx_word' id='word_1_25' title='bbox 168 356 320 392; x_wconf 88' lang='lat' dir='ltr'>testem</span> <span class='ocrx_word' id='word_1_26' title='bbox 340 350 540 391; x_wconf 90' lang='lat' dir='ltr'>adhibere</span> <span class='ocrx_word' id='word_1_27' title='bbox 560 364 735 404; x_wconf 90' lang='lat' dir='ltr'>possem.</span> <span class='ocrx_word' id='word_1_28' title='bbox 797 348 935 388; x_wconf 87' lang='lat' dir='ltr'>Furor</span> <span class='ocrx_word' id='word_1_29' title='bbox 961 347 1076 387; x_wconf 85' lang='lat' dir='ltr'>enim</span> <span class='ocrx_word' id='word_1_30' title='bbox 1108 346 1293 400; x_wconf 87' lang='lat' dir='ltr'>quidam,</span> <span class='ocrx_word' id='word_1_31' title='bbox 1317 345 1483 387; x_wconf 86' lang='lat' dir='ltr'>sceleris</span> <span class='ocrx_word' id='word_1_32' title='bbox 1504 351 1546 387; x_wconf 89' lang='lat' dir='ltr'>et</span> <span class='ocrx_word' id='word_1_33' title='bbox 1566 346 1764 387; x_wconf 79' lang='lat' dir='ltr'>audaciae</span> 
     </span>
     <span class='ocr_line' id='line_1_5' title="bbox 168 412 1765 466; baseline -0.004 -8"><span class='ocrx_word' id='word_1_34' title='bbox 168 431 317 466; x_wconf 88' lang='lat' dir='ltr'>comes,</span> <span class='ocrx_word' id='word_1_35' title='bbox 349 415 471 456; x_wconf 90' lang='lat' dir='ltr'>istius</span> <span class='ocrx_word' id='word_1_36' title='bbox 502 415 753 456; x_wconf 85' lang='lat' dir='ltr'>effrenatum</span> <span class='ocrx_word' id='word_1_37' title='bbox 783 413 973 454; x_wconf 86' lang='lat' dir='ltr'>animum</span> <span class='ocrx_word' id='word_1_38' title='bbox 1007 412 1378 466; x_wconf 77' lang='lat' dir='ltr'>importunamque</span> <span class='ocrx_word' id='word_1_39' title='bbox 1413 416 1610 451; x_wconf 87' lang='lat' dir='ltr'>naturam</span> <span class='ocrx_word' id='word_1_40' title='bbox 1646 416 1765 452; x_wconf 80' lang='lat' dir='ltr'>tanta</span> 
     </span>
     <span class='ocr_line' id='line_1_6' title="bbox 168 475 1763 537; baseline -0.005 -14"><span class='ocrx_word' id='word_1_41' title='bbox 168 481 376 537; x_wconf 73' lang='lat' dir='ltr'>oppressit</span> <span class='ocrx_word' id='word_1_42' title='bbox 396 480 582 522; x_wconf 90' lang='lat' dir='ltr'>amentia</span> <span class='ocrx_word' id='word_1_43' title='bbox 607 484 655 520; x_wconf 93' lang='lat' dir='ltr'>ut</span> <span class='ocrx_word' id='word_1_44' title='bbox 685 494 906 534; x_wconf 89' lang='lat' dir='ltr'>nunquam</span> <span class='ocrx_word' id='word_1_45' title='bbox 935 478 1151 520; x_wconf 90' lang='lat' dir='ltr'>dubitaret</span> <span class='ocrx_word' id='word_1_46' title='bbox 1179 477 1227 518; x_wconf 89' lang='lat' dir='ltr'>in</span> <span class='ocrx_word' id='word_1_47' title='bbox 1256 481 1468 518; x_wconf 88' lang='lat' dir='ltr'>conventu</span> <span class='ocrx_word' id='word_1_48' title='bbox 1496 475 1639 530; x_wconf 87' lang='lat' dir='ltr'>palam</span> <span class='ocrx_word' id='word_1_49' title='bbox 1667 490 1763 531; x_wconf 86' lang='lat' dir='ltr'>sup-</span> 
     </span>
     <span class='ocr_line' id='line_1_7' title="bbox 167 540 1766 603; baseline -0.005 -14"><span class='ocrx_word' id='word_1_50' title='bbox 167 547 307 603; x_wconf 88' lang='lat' dir='ltr'>plicia,</span> <span class='ocrx_word' id='word_1_51' title='bbox 330 562 437 602; x_wconf 89' lang='lat' dir='ltr'>quae</span> <span class='ocrx_word' id='word_1_52' title='bbox 456 546 503 587; x_wconf 92' lang='lat' dir='ltr'>in</span> <span class='ocrx_word' id='word_1_53' title='bbox 524 545 736 587; x_wconf 89' lang='lat' dir='ltr'>convictos</span> <span class='ocrx_word' id='word_1_54' title='bbox 755 544 953 586; x_wconf 89' lang='lat' dir='ltr'>maleficii</span> <span class='ocrx_word' id='word_1_55' title='bbox 973 559 1113 585; x_wconf 84' lang='lat' dir='ltr'>servos</span> <span class='ocrx_word' id='word_1_56' title='bbox 1134 542 1364 584; x_wconf 86' lang='lat' dir='ltr'>constituta</span> <span class='ocrx_word' id='word_1_57' title='bbox 1385 546 1496 591; x_wconf 88' lang='lat' dir='ltr'>sunt,</span> <span class='ocrx_word' id='word_1_58' title='bbox 1520 557 1568 582; x_wconf 86' lang='lat' dir='ltr'>ea</span> <span class='ocrx_word' id='word_1_59' title='bbox 1587 541 1634 582; x_wconf 90' lang='lat' dir='ltr'>in</span> <span class='ocrx_word' id='word_1_60' title='bbox 1655 540 1766 582; x_wconf 82' lang='lat' dir='ltr'>cives</span> 
     </span>
     <span class='ocr_line' id='line_1_8' title="bbox 167 606 1764 667; baseline -0.005 -13"><span class='ocrx_word' id='word_1_61' title='bbox 167 612 382 654; x_wconf 88' lang='lat' dir='ltr'>Romanos</span> <span class='ocrx_word' id='word_1_62' title='bbox 403 626 661 667; x_wconf 80' lang='lat' dir='ltr'>expromere.</span> <span class='ocrx_word' id='word_1_63' title='bbox 713 609 862 664; x_wconf 90' lang='lat' dir='ltr'>Virgis</span> <span class='ocrx_word' id='word_1_64' title='bbox 882 624 1010 664; x_wconf 86' lang='lat' dir='ltr'>quam</span> <span class='ocrx_word' id='word_1_65' title='bbox 1030 608 1186 649; x_wconf 90' lang='lat' dir='ltr'>multos</span> <span class='ocrx_word' id='word_1_66' title='bbox 1207 607 1419 657; x_wconf 74' lang='lat' dir='ltr'>ceciderit,</span> <span class='ocrx_word' id='word_1_67' title='bbox 1437 606 1542 662; x_wconf 87' lang='lat' dir='ltr'>quid</span> <span class='ocrx_word' id='word_1_68' title='bbox 1562 621 1641 661; x_wconf 87' lang='lat' dir='ltr'>ego</span> <span class='ocrx_word' id='word_1_69' title='bbox 1653 621 1764 647; x_wconf 89' lang='lat' dir='ltr'>com—</span> 
     </span>
     <span class='ocr_line' id='line_1_9' title="bbox 167 671 1767 729; baseline -0.005 -9"><span class='ocrx_word' id='word_1_70' title='bbox 167 693 399 720; x_wconf 84' lang='lat' dir='ltr'>memorem</span> <span class='ocrx_word' id='word_1_71' title='bbox 412 678 432 719; x_wconf 79' lang='lat'>?</span> <span class='ocrx_word' id='word_1_72' title='bbox 492 676 676 717; x_wconf 85' lang='lat' dir='ltr'>Tantum</span> <span class='ocrx_word' id='word_1_73' title='bbox 695 675 954 724; x_wconf 87' lang='lat' dir='ltr'>brevissime,</span> <span class='ocrx_word' id='word_1_74' title='bbox 972 674 1150 729; x_wconf 89' lang='lat' dir='ltr'>judices,</span> <span class='ocrx_word' id='word_1_75' title='bbox 1165 673 1282 714; x_wconf 82' lang='lat' dir='ltr'>dico:</span> <span class='ocrx_word' id='word_1_76' title='bbox 1304 673 1472 714; x_wconf 89' lang='lat' dir='ltr'>nullum</span> <span class='ocrx_word' id='word_1_77' title='bbox 1492 671 1575 713; x_wconf 84' lang='lat' dir='ltr'>fuit</span> <span class='ocrx_word' id='word_1_78' title='bbox 1595 671 1767 713; x_wconf 86' lang='lat' dir='ltr'>omnino</span> 
     </span>
     <span class='ocr_line' id='line_1_10' title="bbox 168 737 1765 797; baseline -0.005 -12"><span class='ocrx_word' id='word_1_79' title='bbox 168 743 356 785; x_wconf 86' lang='lat' dir='ltr'>civitatis</span> <span class='ocrx_word' id='word_1_80' title='bbox 376 742 458 783; x_wconf 90' lang='lat' dir='ltr'>isto</span> <span class='ocrx_word' id='word_1_81' title='bbox 478 745 671 797; x_wconf 89' lang='lat' dir='ltr'>praetore</span> <span class='ocrx_word' id='word_1_82' title='bbox 692 740 738 780; x_wconf 92' lang='lat' dir='ltr'>in</span> <span class='ocrx_word' id='word_1_83' title='bbox 758 740 838 781; x_wconf 92' lang='grc'>1100</span> <span class='ocrx_word' id='word_1_84' title='bbox 860 754 1015 794; x_wconf 88' lang='lat' dir='ltr'>genere</span> <span class='ocrx_word' id='word_1_85' title='bbox 1036 738 1277 779; x_wconf 82' lang='lat' dir='ltr'>discrimen.</span> <span class='ocrx_word' id='word_1_86' title='bbox 1320 738 1473 793; x_wconf 90' lang='lat' dir='ltr'>Itaque</span> <span class='ocrx_word' id='word_1_87' title='bbox 1489 737 1581 792; x_wconf 86' lang='lat' dir='ltr'>jam</span> <span class='ocrx_word' id='word_1_88' title='bbox 1594 751 1765 778; x_wconf 89' lang='lat' dir='ltr'>consue-</span> 
     </span>
     <span class='ocr_line' id='line_1_11' title="bbox 167 801 1766 861; baseline -0.005 -11"><span class='ocrx_word' id='word_1_89' title='bbox 167 809 317 850; x_wconf 78' lang='lat' dir='ltr'>tudine</span> <span class='ocrx_word' id='word_1_90' title='bbox 338 809 393 849; x_wconf 82' lang='lat' dir='ltr'>ad.</span> <span class='ocrx_word' id='word_1_91' title='bbox 413 822 587 861; x_wconf 90' lang='lat' dir='ltr'>corpora</span> <span class='ocrx_word' id='word_1_92' title='bbox 607 805 767 847; x_wconf 90' lang='lat' dir='ltr'>civium</span> <span class='ocrx_word' id='word_1_93' title='bbox 787 804 1080 846; x_wconf 86' lang='lat' dir='ltr'>Romanorum</span> <span class='ocrx_word' id='word_1_94' title='bbox 1100 804 1231 845; x_wconf 91' lang='lat' dir='ltr'>etiam</span> <span class='ocrx_word' id='word_1_95' title='bbox 1250 803 1341 845; x_wconf 89' lang='lat' dir='ltr'>sine</span> <span class='ocrx_word' id='word_1_96' title='bbox 1370 802 1492 844; x_wconf 87' lang='lat' dir='ltr'>istius</span> <span class='ocrx_word' id='word_1_97' title='bbox 1521 806 1632 843; x_wconf 90' lang='lat' dir='ltr'>nutu</span> <span class='ocrx_word' id='word_1_98' title='bbox 1659 801 1766 843; x_wconf 85' lang='lat' dir='ltr'>fere-</span> 
     </span>
     <span class='ocr_line' id='line_1_12' title="bbox 168 870 771 927; baseline -0.008 -11"><span class='ocrx_word' id='word_1_99' title='bbox 168 874 295 916; x_wconf 82' lang='lat' dir='ltr'>batur</span> <span class='ocrx_word' id='word_1_100' title='bbox 315 888 465 914; x_wconf 89' lang='lat' dir='ltr'>manus</span> <span class='ocrx_word' id='word_1_101' title='bbox 486 872 578 927; x_wconf 89' lang='lat' dir='ltr'>ipsa</span> <span class='ocrx_word' id='word_1_102' title='bbox 597 870 771 912; x_wconf 84' lang='lat' dir='ltr'>lictoris.</span> 
     </span>
    </p>

    <p class='ocr_par' dir='ltr' id='par_1_3' title="bbox 168 932 1772 1911">
     <span class='ocr_line' id='line_1_13' title="bbox 225 932 1768 992; baseline -0.005 -12"><span class='ocrx_word' id='word_1_103' title='bbox 225 939 345 980; x_wconf 87' lang='lat' dir='ltr'>LIV.</span> <span class='ocrx_word' id='word_1_104' title='bbox 378 938 497 980; x_wconf 91' lang='lat' dir='ltr'>Num</span> <span class='ocrx_word' id='word_1_105' title='bbox 526 942 645 992; x_wconf 90' lang='lat' dir='ltr'>potes</span> <span class='ocrx_word' id='word_1_106' title='bbox 674 937 754 978; x_wconf 93' lang='lat' dir='ltr'>hoc</span> <span class='ocrx_word' id='word_1_107' title='bbox 784 950 955 991; x_wconf 87' lang='lat' dir='ltr'>negare,</span> <span class='ocrx_word' id='word_1_108' title='bbox 977 935 1146 985; x_wconf 83' lang='lat' dir='ltr'>Verres,</span> <span class='ocrx_word' id='word_1_109' title='bbox 1169 934 1216 976; x_wconf 87' lang='lat' dir='ltr'>in</span> <span class='ocrx_word' id='word_1_110' title='bbox 1236 934 1327 976; x_wconf 88' lang='lat' dir='ltr'>foro</span> <span class='ocrx_word' id='word_1_111' title='bbox 1357 932 1553 989; x_wconf 84' lang='lat' dir='ltr'>Lilybaei</span> <span class='ocrx_word' id='word_1_112' title='bbox 1581 932 1768 974; x_wconf 81' lang='lat' dir='ltr'>maximo</span> 
     </span>
     <span class='ocr_line' id='line_1_14' title="bbox 169 998 1766 1052; baseline -0.005 -6"><span class='ocrx_word' id='word_1_113' title='bbox 169 1009 382 1047; x_wconf 84' lang='lat' dir='ltr'>conventu</span> <span class='ocrx_word' id='word_1_114' title='bbox 403 1003 448 1044; x_wconf 87' lang='lat' dir='ltr'>O.</span> <span class='ocrx_word' id='word_1_115' title='bbox 473 1003 713 1052; x_wconf 82' lang='lat' dir='ltr'>Servilium,</span> <span class='ocrx_word' id='word_1_116' title='bbox 737 1002 874 1043; x_wconf 85' lang='lat' dir='ltr'>civem</span> <span class='ocrx_word' id='word_1_117' title='bbox 894 1001 1137 1043; x_wconf 86' lang='lat' dir='ltr'>Romanum</span> <span class='ocrx_word' id='word_1_118' title='bbox 1152 1016 1174 1042; x_wconf 91' lang='lat' dir='ltr'>e</span> <span class='ocrx_word' id='word_1_119' title='bbox 1190 1005 1402 1042; x_wconf 87' lang='lat' dir='ltr'>conventu</span> <span class='ocrx_word' id='word_1_120' title='bbox 1418 998 1766 1049; x_wconf 84' lang='lat' dir='ltr'>Panhormitano,</span> 
     </span>
     <span class='ocr_line' id='line_1_15' title="bbox 168 1064 1769 1124; baseline -0.003 -12"><span class='ocrx_word' id='word_1_121' title='bbox 168 1075 356 1112; x_wconf 86' lang='lat' dir='ltr'>veterem</span> <span class='ocrx_word' id='word_1_122' title='bbox 376 1069 699 1124; x_wconf 83' lang='lat' dir='ltr'>negotiatorem,</span> <span class='ocrx_word' id='word_1_123' title='bbox 723 1068 777 1108; x_wconf 86' lang='lat' dir='ltr'>ad</span> <span class='ocrx_word' id='word_1_124' title='bbox 797 1066 988 1108; x_wconf 87' lang='lat' dir='ltr'>tribunal</span> <span class='ocrx_word' id='word_1_125' title='bbox 1009 1071 1108 1108; x_wconf 89' lang='lat' dir='ltr'>ante</span> <span class='ocrx_word' id='word_1_126' title='bbox 1127 1066 1254 1121; x_wconf 89' lang='lat' dir='ltr'>pedes</span> <span class='ocrx_word' id='word_1_127' title='bbox 1275 1070 1369 1106; x_wconf 90' lang='lat' dir='ltr'>tuos</span> <span class='ocrx_word' id='word_1_128' title='bbox 1390 1065 1444 1106; x_wconf 87' lang='lat' dir='ltr'>ad</span> <span class='ocrx_word' id='word_1_129' title='bbox 1463 1069 1623 1106; x_wconf 88' lang='lat' dir='ltr'>terram</span> <span class='ocrx_word' id='word_1_130' title='bbox 1634 1064 1769 1120; x_wconf 85' lang='lat' dir='ltr'>virgis</span> 
     </span>
     <span class='ocr_line' id='line_1_16' title="bbox 170 1130 1769 1190; baseline -0.004 -12"><span class='ocrx_word' id='word_1_131' title='bbox 170 1145 212 1178; x_wconf 85' lang='lat' dir='ltr'>et</span> <span class='ocrx_word' id='word_1_132' title='bbox 232 1135 477 1178; x_wconf 85' lang='lat' dir='ltr'>verberibus</span> <span class='ocrx_word' id='word_1_133' title='bbox 498 1134 745 1190; x_wconf 77' lang='lat' dir='ltr'>abjectum?</span> <span class='ocrx_word' id='word_1_134' title='bbox 785 1133 910 1174; x_wconf 86' lang='lat' dir='ltr'>Aude</span> <span class='ocrx_word' id='word_1_135' title='bbox 923 1133 1002 1174; x_wconf 90' lang='lat' dir='ltr'>hoc</span> <span class='ocrx_word' id='word_1_136' title='bbox 1018 1132 1206 1187; x_wconf 89' lang='lat' dir='ltr'>primum</span> <span class='ocrx_word' id='word_1_137' title='bbox 1221 1146 1391 1185; x_wconf 88' lang='lat' dir='ltr'>negare,</span> <span class='ocrx_word' id='word_1_138' title='bbox 1409 1130 1445 1172; x_wconf 87' lang='lat' dir='ltr'>si</span> <span class='ocrx_word' id='word_1_139' title='bbox 1459 1134 1590 1185; x_wconf 90' lang='lat' dir='ltr'>potes.</span> <span class='ocrx_word' id='word_1_140' title='bbox 1632 1130 1769 1172; x_wconf 90' lang='lat' dir='ltr'>Nemo</span> 
     </span>
     <span class='ocr_line' id='line_1_17' title="bbox 169 1195 1770 1256; baseline -0.004 -13"><span class='ocrx_word' id='word_1_141' title='bbox 169 1200 365 1256; x_wconf 85' lang='lat' dir='ltr'>Lilybaei</span> <span class='ocrx_word' id='word_1_142' title='bbox 386 1200 471 1240; x_wconf 83' lang='lat' dir='ltr'>fuit</span> <span class='ocrx_word' id='word_1_143' title='bbox 491 1199 597 1254; x_wconf 90' lang='lat' dir='ltr'>quin</span> <span class='ocrx_word' id='word_1_144' title='bbox 624 1198 794 1248; x_wconf 89' lang='lat' dir='ltr'>viderit,</span> <span class='ocrx_word' id='word_1_145' title='bbox 826 1213 951 1240; x_wconf 89' lang='lat' dir='ltr'>nemo</span> <span class='ocrx_word' id='word_1_146' title='bbox 980 1198 1027 1239; x_wconf 92' lang='lat' dir='ltr'>in</span> <span class='ocrx_word' id='word_1_147' title='bbox 1057 1197 1202 1239; x_wconf 79' lang='lat' dir='ltr'>Sicilia</span> <span class='ocrx_word' id='word_1_148' title='bbox 1232 1196 1338 1251; x_wconf 89' lang='lat' dir='ltr'>quin</span> <span class='ocrx_word' id='word_1_149' title='bbox 1368 1195 1562 1237; x_wconf 88' lang='lat' dir='ltr'>audierit.</span> <span class='ocrx_word' id='word_1_150' title='bbox 1622 1195 1770 1251; x_wconf 85' lang='lat' dir='ltr'>Plagis</span> 
     </span>
     <span class='ocr_line' id='line_1_18' title="bbox 170 1261 1770 1308; baseline -0.003 -1"><span class='ocrx_word' id='word_1_151' title='bbox 170 1266 410 1308; x_wconf 87' lang='lat' dir='ltr'>confectum</span> <span class='ocrx_word' id='word_1_152' title='bbox 430 1265 523 1306; x_wconf 88' lang='lat' dir='ltr'>dico</span> <span class='ocrx_word' id='word_1_153' title='bbox 545 1280 569 1305; x_wconf 89' lang='lat' dir='ltr'>a</span> <span class='ocrx_word' id='word_1_154' title='bbox 589 1264 809 1306; x_wconf 85' lang='lat' dir='ltr'>lictoribus</span> <span class='ocrx_word' id='word_1_155' title='bbox 830 1264 915 1305; x_wconf 90' lang='lat' dir='ltr'>tuis</span> <span class='ocrx_word' id='word_1_156' title='bbox 948 1264 1085 1305; x_wconf 90' lang='lat' dir='ltr'>civem</span> <span class='ocrx_word' id='word_1_157' title='bbox 1115 1262 1358 1304; x_wconf 88' lang='lat' dir='ltr'>Romanum</span> <span class='ocrx_word' id='word_1_158' title='bbox 1386 1266 1486 1303; x_wconf 91' lang='lat' dir='ltr'>ante</span> <span class='ocrx_word' id='word_1_159' title='bbox 1512 1261 1652 1302; x_wconf 90' lang='lat' dir='ltr'>oculos</span> <span class='ocrx_word' id='word_1_160' title='bbox 1675 1266 1770 1303; x_wconf 90' lang='lat' dir='ltr'>tuos</span> 
     </span>
     <span class='ocr_line' id='line_1_19' title="bbox 170 1326 1764 1385; baseline -0.004 -12"><span class='ocrx_word' id='word_1_161' title='bbox 170 1332 412 1374; x_wconf 85' lang='lat' dir='ltr'>concidisse.</span> <span class='ocrx_word' id='word_1_162' title='bbox 474 1330 535 1371; x_wconf 90' lang='lat' dir='ltr'>At</span> <span class='ocrx_word' id='word_1_163' title='bbox 565 1345 693 1385; x_wconf 88' lang='lat' dir='ltr'>quam</span> <span class='ocrx_word' id='word_1_164' title='bbox 723 1330 776 1371; x_wconf 91' lang='lat' dir='ltr'>ob</span> <span class='ocrx_word' id='word_1_165' title='bbox 806 1344 988 1378; x_wconf 89' lang='lat' dir='ltr'>causam,</span> <span class='ocrx_word' id='word_1_166' title='bbox 1012 1328 1073 1369; x_wconf 88' lang='lat' dir='ltr'>dii</span> <span class='ocrx_word' id='word_1_167' title='bbox 1092 1326 1378 1370; x_wconf 76' lang='lat' dir='ltr'>immortales!</span> <span class='ocrx_word' id='word_1_168' title='bbox 1441 1326 1626 1368; x_wconf 87' lang='lat' dir='ltr'>Tametsi</span> <span class='ocrx_word' id='word_1_169' title='bbox 1655 1326 1764 1383; x_wconf 91' lang='lat' dir='ltr'>inju-</span> 
     </span>
     <span class='ocr_line' id='line_1_20' title="bbox 169 1391 1772 1449; baseline -0.004 -10"><span class='ocrx_word' id='word_1_170' title='bbox 169 1397 280 1439; x_wconf 81' lang='lat' dir='ltr'>riam</span> <span class='ocrx_word' id='word_1_171' title='bbox 301 1396 408 1438; x_wconf 87' lang='lat' dir='ltr'>facio</span> <span class='ocrx_word' id='word_1_172' title='bbox 430 1395 647 1437; x_wconf 91' lang='lat' dir='ltr'>communi</span> <span class='ocrx_word' id='word_1_173' title='bbox 668 1410 816 1436; x_wconf 87' lang='lat' dir='ltr'>causae</span> <span class='ocrx_word' id='word_1_174' title='bbox 838 1399 880 1435; x_wconf 90' lang='lat' dir='ltr'>et</span> <span class='ocrx_word' id='word_1_175' title='bbox 895 1394 986 1449; x_wconf 89' lang='lat' dir='ltr'>juri</span> <span class='ocrx_word' id='word_1_176' title='bbox 1006 1393 1194 1435; x_wconf 83' lang='lat' dir='ltr'>civitatis</span> <span class='ocrx_word' id='word_1_177' title='bbox 1211 1408 1219 1433; x_wconf 92' lang='lat'><strong>:</strong></span> <span class='ocrx_word' id='word_1_178' title='bbox 1253 1391 1374 1447; x_wconf 85' lang='lat' dir='ltr'>quasi</span> <span class='ocrx_word' id='word_1_179' title='bbox 1394 1391 1510 1433; x_wconf 89' lang='lat' dir='ltr'>enim</span> <span class='ocrx_word' id='word_1_180' title='bbox 1531 1391 1619 1432; x_wconf 91' lang='lat' dir='ltr'>ulla</span> <span class='ocrx_word' id='word_1_181' title='bbox 1639 1392 1772 1446; x_wconf 87' lang='lat' dir='ltr'>possit</span> 
     </span>
     <span class='ocr_line' id='line_1_21' title="bbox 171 1457 1770 1515; baseline -0.004 -11"><span class='ocrx_word' id='word_1_182' title='bbox 171 1478 258 1504; x_wconf 89' lang='lat' dir='ltr'>esse</span> <span class='ocrx_word' id='word_1_183' title='bbox 280 1478 404 1504; x_wconf 88' lang='lat' dir='ltr'>causa</span> <span class='ocrx_word' id='word_1_184' title='bbox 425 1477 501 1502; x_wconf 88' lang='lat' dir='ltr'>cur</span> <span class='ocrx_word' id='word_1_185' title='bbox 521 1461 600 1502; x_wconf 89' lang='grc'>1100</span> <span class='ocrx_word' id='word_1_186' title='bbox 622 1460 822 1515; x_wconf 87' lang='lat' dir='ltr'>cuiquam</span> <span class='ocrx_word' id='word_1_187' title='bbox 841 1459 928 1501; x_wconf 86' lang='lat' dir='ltr'>civi</span> <span class='ocrx_word' id='word_1_188' title='bbox 960 1459 1156 1500; x_wconf 86' lang='lat' dir='ltr'>Romano</span> <span class='ocrx_word' id='word_1_189' title='bbox 1183 1458 1281 1514; x_wconf 87' lang='lat' dir='ltr'>jure</span> <span class='ocrx_word' id='word_1_190' title='bbox 1315 1457 1491 1507; x_wconf 87' lang='lat' dir='ltr'>accidat,</span> <span class='ocrx_word' id='word_1_191' title='bbox 1525 1457 1587 1498; x_wconf 89' lang='lat' dir='ltr'>ita</span> <span class='ocrx_word' id='word_1_192' title='bbox 1614 1472 1770 1512; x_wconf 88' lang='lat' dir='ltr'>quaero</span> 
     </span>
     <span class='ocr_line' id='line_1_22' title="bbox 170 1521 1771 1583; baseline -0.004 -14"><span class='ocrx_word' id='word_1_193' title='bbox 170 1543 278 1583; x_wconf 91' lang='lat' dir='ltr'>quae</span> <span class='ocrx_word' id='word_1_194' title='bbox 308 1527 354 1568; x_wconf 91' lang='lat' dir='ltr'>in</span> <span class='ocrx_word' id='word_1_195' title='bbox 385 1526 564 1569; x_wconf 78' lang='lat' dir='ltr'>Servilio</span> <span class='ocrx_word' id='word_1_196' title='bbox 595 1541 719 1568; x_wconf 88' lang='lat' dir='ltr'>causa</span> <span class='ocrx_word' id='word_1_197' title='bbox 748 1525 890 1566; x_wconf 85' lang='lat' dir='ltr'>fuerit.</span> <span class='ocrx_word' id='word_1_198' title='bbox 952 1523 1170 1580; x_wconf 87' lang='lat' dir='ltr'>Ignoscite</span> <span class='ocrx_word' id='word_1_199' title='bbox 1199 1523 1246 1564; x_wconf 92' lang='lat' dir='ltr'>in</span> <span class='ocrx_word' id='word_1_200' title='bbox 1274 1523 1354 1565; x_wconf 89' lang='grc'>1100</span> <span class='ocrx_word' id='word_1_201' title='bbox 1378 1538 1477 1573; x_wconf 88' lang='grc'>11110,</span> <span class='ocrx_word' id='word_1_202' title='bbox 1504 1522 1692 1578; x_wconf 87' lang='lat' dir='ltr'>judices:</span> <span class='ocrx_word' id='word_1_203' title='bbox 1724 1521 1771 1563; x_wconf 93' lang='lat' dir='ltr'>in</span> 
     </span>
     <span class='ocr_line' id='line_1_23' title="bbox 171 1587 1770 1646; baseline -0.005 -11"><span class='ocrx_word' id='word_1_204' title='bbox 171 1593 322 1635; x_wconf 88' lang='lat' dir='ltr'>ceteris</span> <span class='ocrx_word' id='word_1_205' title='bbox 343 1592 458 1634; x_wconf 90' lang='lat' dir='ltr'>enim</span> <span class='ocrx_word' id='word_1_206' title='bbox 478 1607 564 1633; x_wconf 89' lang='lat' dir='ltr'>non</span> <span class='ocrx_word' id='word_1_207' title='bbox 584 1606 741 1646; x_wconf 91' lang='lat' dir='ltr'>magno</span> <span class='ocrx_word' id='word_1_208' title='bbox 763 1606 887 1645; x_wconf 91' lang='lat' dir='ltr'>opere</span> <span class='ocrx_word' id='word_1_209' title='bbox 908 1605 1052 1631; x_wconf 89' lang='lat' dir='ltr'>causas</span> <span class='ocrx_word' id='word_1_210' title='bbox 1073 1589 1299 1644; x_wconf 86' lang='lat' dir='ltr'>requiram.</span> <span class='ocrx_word' id='word_1_211' title='bbox 1352 1588 1539 1629; x_wconf 87' lang='lat' dir='ltr'>Locutus</span> <span class='ocrx_word' id='word_1_212' title='bbox 1560 1592 1650 1628; x_wconf 90' lang='lat' dir='ltr'>erat</span> <span class='ocrx_word' id='word_1_213' title='bbox 1665 1587 1770 1628; x_wconf 90' lang='lat' dir='ltr'>libe-</span> 
     </span>
     <span class='ocr_line' id='line_1_24' title="bbox 170 1653 1770 1712; baseline -0.004 -12"><span class='ocrx_word' id='word_1_214' title='bbox 170 1659 258 1700; x_wconf 92' lang='lat' dir='ltr'>rius</span> <span class='ocrx_word' id='word_1_215' title='bbox 280 1659 331 1700; x_wconf 89' lang='lat' dir='ltr'>de</span> <span class='ocrx_word' id='word_1_216' title='bbox 352 1658 473 1700; x_wconf 88' lang='lat' dir='ltr'>istius</span> <span class='ocrx_word' id='word_1_217' title='bbox 494 1657 767 1712; x_wconf 88' lang='lat' dir='ltr'>improbitate</span> <span class='ocrx_word' id='word_1_218' title='bbox 789 1661 915 1710; x_wconf 91' lang='lat' dir='ltr'>atque</span> <span class='ocrx_word' id='word_1_219' title='bbox 934 1655 1140 1710; x_wconf 87' lang='lat' dir='ltr'>nequitia.</span> <span class='ocrx_word' id='word_1_220' title='bbox 1194 1654 1319 1700; x_wconf 78' lang='lat' dir='ltr'>Quod</span> <span class='ocrx_word' id='word_1_221' title='bbox 1339 1654 1411 1695; x_wconf 89' lang='lat' dir='ltr'>isti</span> <span class='ocrx_word' id='word_1_222' title='bbox 1423 1653 1601 1695; x_wconf 89' lang='lat' dir='ltr'>simulac</span> <span class='ocrx_word' id='word_1_223' title='bbox 1613 1668 1770 1694; x_wconf 89' lang='lat' dir='ltr'>renun-</span> 
     </span>
     <span class='ocr_line' id='line_1_25' title="bbox 170 1719 1771 1777; baseline -0.004 -11"><span class='ocrx_word' id='word_1_224' title='bbox 170 1725 326 1766; x_wconf 88' lang='lat' dir='ltr'>tiatum</span> <span class='ocrx_word' id='word_1_225' title='bbox 355 1728 429 1774; x_wconf 91' lang='lat' dir='ltr'>est,</span> <span class='ocrx_word' id='word_1_226' title='bbox 452 1723 669 1764; x_wconf 89' lang='lat' dir='ltr'>hominem</span> <span class='ocrx_word' id='word_1_227' title='bbox 685 1722 808 1777; x_wconf 88' lang='lat' dir='ltr'>jubet</span> <span class='ocrx_word' id='word_1_228' title='bbox 829 1721 1083 1775; x_wconf 87' lang='lat' dir='ltr'>Lilybaeum</span> <span class='ocrx_word' id='word_1_229' title='bbox 1113 1719 1408 1762; x_wconf 84' lang='lat' dir='ltr'>vadimonium</span> <span class='ocrx_word' id='word_1_230' title='bbox 1428 1719 1621 1760; x_wconf 89' lang='lat' dir='ltr'>Venereo</span> <span class='ocrx_word' id='word_1_231' title='bbox 1652 1734 1771 1760; x_wconf 86' lang='lat' dir='ltr'>servo</span> 
     </span>
     <span class='ocr_line' id='line_1_26' title="bbox 170 1783 1770 1845; baseline -0.004 -14"><span class='ocrx_word' id='word_1_232' title='bbox 170 1789 431 1845; x_wconf 88' lang='lat' dir='ltr'>promittere.</span> <span class='ocrx_word' id='word_1_233' title='bbox 492 1787 727 1830; x_wconf 89' lang='lat' dir='ltr'>Promittit.</span> <span class='ocrx_word' id='word_1_234' title='bbox 788 1786 1044 1841; x_wconf 89' lang='lat' dir='ltr'>Lilybaeum</span> <span class='ocrx_word' id='word_1_235' title='bbox 1073 1785 1257 1827; x_wconf 85' lang='lat' dir='ltr'>venitur.</span> <span class='ocrx_word' id='word_1_236' title='bbox 1320 1784 1481 1840; x_wconf 79' lang='lat' dir='ltr'>Cogere</span> <span class='ocrx_word' id='word_1_237' title='bbox 1503 1799 1600 1825; x_wconf 90' lang='lat' dir='ltr'>eum</span> <span class='ocrx_word' id='word_1_238' title='bbox 1619 1783 1770 1839; x_wconf 91' lang='lat' dir='ltr'>coepit,</span> 
     </span>
     <span class='ocr_line' id='line_1_27' title="bbox 171 1849 1770 1911; baseline -0.004 -14"><span class='ocrx_word' id='word_1_239' title='bbox 171 1870 303 1911; x_wconf 89' lang='lat' dir='ltr'>quum</span> <span class='ocrx_word' id='word_1_240' title='bbox 324 1858 470 1910; x_wconf 88' lang='lat' dir='ltr'>ageret</span> <span class='ocrx_word' id='word_1_241' title='bbox 489 1869 626 1903; x_wconf 90' lang='lat' dir='ltr'>nemo,</span> <span class='ocrx_word' id='word_1_242' title='bbox 650 1868 775 1894; x_wconf 90' lang='lat' dir='ltr'>nemo</span> <span class='ocrx_word' id='word_1_243' title='bbox 795 1851 1045 1907; x_wconf 84' lang='lat' dir='ltr'>postularet,</span> <span class='ocrx_word' id='word_1_244' title='bbox 1069 1850 1336 1906; x_wconf 89' lang='lat' dir='ltr'>sponsionem</span> <span class='ocrx_word' id='word_1_245' title='bbox 1362 1849 1419 1906; x_wconf 89' lang='lat'>[11</span> <span class='ocrx_word' id='word_1_246' title='bbox 1439 1849 1627 1891; x_wconf 91' lang='lat' dir='ltr'>millium</span> <span class='ocrx_word' id='word_1_247' title='bbox 1646 1864 1770 1890; x_wconf 89' lang='lat' dir='ltr'>num-</span> 
     </span>
    </p>
   </div>
   <div class='ocr_carea' id='block_1_3' title="bbox 168 1975 953 2878">
    <p class='ocr_par' dir='ltr' id='par_1_4' title="bbox 168 1975 950 2492">
     <span class='ocr_line' id='line_1_28' title="bbox 215 1975 950 2018; baseline -0.005 -9"><span class='ocrx_word' id='word_1_248' title='bbox 215 1978 267 2010; x_wconf 82' lang='lat'>54.</span> <span class='ocrx_word' id='word_1_249' title='bbox 290 1977 339 2008; x_wconf 70' lang='lat' dir='ltr'>At</span> <span class='ocrx_word' id='word_1_250' title='bbox 355 1987 452 2018; x_wconf 78' lang='lat' dir='ltr'>quam</span> <span class='ocrx_word' id='word_1_251' title='bbox 468 1977 504 2008; x_wconf 80' lang='lat' dir='ltr'>ob</span> <span class='ocrx_word' id='word_1_252' title='bbox 521 1975 683 2016; x_wconf 78' lang='lat' dir='ltr'>eausam,]</span> <span class='ocrx_word' id='word_1_253' title='bbox 718 1975 786 2006; x_wconf 85' lang='lat' dir='ltr'>The</span> <span class='ocrx_word' id='word_1_254' title='bbox 802 1985 950 2006; x_wconf 88' lang='lat' dir='ltr'>common</span> 
     </span>
     <span class='ocr_line' id='line_1_29' title="bbox 170 2019 950 2061; baseline -0.005 -9"><span class='ocrx_word' id='word_1_255' title='bbox 170 2022 307 2061; x_wconf 82' lang='lat' dir='ltr'>reading</span> <span class='ocrx_word' id='word_1_256' title='bbox 329 2021 355 2051; x_wconf 90' lang='lat' dir='ltr'>is</span> <span class='ocrx_word' id='word_1_257' title='bbox 380 2025 496 2060; x_wconf 84' lang='lat' dir='ltr'>‘quam</span> <span class='ocrx_word' id='word_1_258' title='bbox 514 2020 554 2050; x_wconf 90' lang='lat' dir='ltr'>ob</span> <span class='ocrx_word' id='word_1_259' title='bbox 571 2019 722 2055; x_wconf 83' lang='lat' dir='ltr'>causam,&#39;</span> <span class='ocrx_word' id='word_1_260' title='bbox 745 2019 806 2049; x_wconf 88' lang='lat' dir='ltr'>but</span> <span class='ocrx_word' id='word_1_261' title='bbox 831 2019 950 2058; x_wconf 83' lang='lat' dir='ltr'>Zumpt</span> 
     </span>
     <span class='ocr_line' id='line_1_30' title="bbox 171 2061 949 2102; baseline -0.005 -7"><span class='ocrx_word' id='word_1_262' title='bbox 171 2065 276 2095; x_wconf 84' lang='lat' dir='ltr'>added</span> <span class='ocrx_word' id='word_1_263' title='bbox 298 2065 355 2095; x_wconf 88' lang='lat' dir='ltr'>the</span> <span class='ocrx_word' id='word_1_264' title='bbox 383 2063 456 2094; x_wconf 85' lang='lat' dir='ltr'>‘at&#39;</span> <span class='ocrx_word' id='word_1_265' title='bbox 480 2073 521 2093; x_wconf 91' lang='lat' dir='ltr'>on</span> <span class='ocrx_word' id='word_1_266' title='bbox 544 2063 601 2093; x_wconf 89' lang='lat' dir='ltr'>the</span> <span class='ocrx_word' id='word_1_267' title='bbox 625 2061 794 2102; x_wconf 82' lang='lat' dir='ltr'>authority</span> <span class='ocrx_word' id='word_1_268' title='bbox 817 2062 854 2092; x_wconf 89' lang='lat' dir='ltr'>of</span> <span class='ocrx_word' id='word_1_269' title='bbox 876 2061 949 2092; x_wconf 74' lang='lat' dir='ltr'>Rs.</span> 
     </span>
     <span class='ocr_line' id='line_1_31' title="bbox 171 2104 950 2142; baseline -0.005 -4"><span class='ocrx_word' id='word_1_270' title='bbox 171 2108 239 2138; x_wconf 79' lang='lat' dir='ltr'>The</span> <span class='ocrx_word' id='word_1_271' title='bbox 257 2112 265 2124; x_wconf 88' lang='lat'>‘</span> <span class='ocrx_word' id='word_1_272' title='bbox 275 2110 310 2138; x_wconf 86' lang='lat' dir='ltr'>at</span> <span class='ocrx_word' id='word_1_273' title='bbox 321 2108 329 2120; x_wconf 87' lang='lat'>&#39;</span> <span class='ocrx_word' id='word_1_274' title='bbox 347 2107 441 2138; x_wconf 87' lang='lat' dir='ltr'>could</span> <span class='ocrx_word' id='word_1_275' title='bbox 450 2107 489 2137; x_wconf 87' lang='lat' dir='ltr'>be</span> <span class='ocrx_word' id='word_1_276' title='bbox 499 2106 648 2142; x_wconf 82' lang='lat' dir='ltr'>omitted,</span> <span class='ocrx_word' id='word_1_277' title='bbox 659 2106 719 2135; x_wconf 89' lang='lat' dir='ltr'>but</span> <span class='ocrx_word' id='word_1_278' title='bbox 732 2105 759 2135; x_wconf 91' lang='lat' dir='ltr'>it</span> <span class='ocrx_word' id='word_1_279' title='bbox 772 2105 797 2135; x_wconf 89' lang='lat' dir='ltr'>is</span> <span class='ocrx_word' id='word_1_280' title='bbox 810 2104 950 2135; x_wconf 86' lang='lat' dir='ltr'>Cicero&#39;s</span> 
     </span>
     <span class='ocr_line' id='line_1_32' title="bbox 170 2148 950 2188; baseline -0.005 -7"><span class='ocrx_word' id='word_1_281' title='bbox 170 2151 297 2181; x_wconf 83' lang='lat' dir='ltr'>fashion</span> <span class='ocrx_word' id='word_1_282' title='bbox 313 2153 348 2181; x_wconf 86' lang='lat' dir='ltr'>to</span> <span class='ocrx_word' id='word_1_283' title='bbox 366 2160 422 2180; x_wconf 88' lang='lat' dir='ltr'>use</span> <span class='ocrx_word' id='word_1_284' title='bbox 443 2150 470 2180; x_wconf 90' lang='lat' dir='ltr'>it</span> <span class='ocrx_word' id='word_1_285' title='bbox 493 2150 527 2179; x_wconf 92' lang='lat' dir='ltr'>in</span> <span class='ocrx_word' id='word_1_286' title='bbox 547 2149 625 2179; x_wconf 87' lang='lat' dir='ltr'>such</span> <span class='ocrx_word' id='word_1_287' title='bbox 647 2159 666 2178; x_wconf 87' lang='lat' dir='ltr'>a</span> <span class='ocrx_word' id='word_1_288' title='bbox 681 2158 763 2179; x_wconf 85' lang='lat' dir='ltr'>case..</span> <span class='ocrx_word' id='word_1_289' title='bbox 809 2148 861 2178; x_wconf 87' lang='lat' dir='ltr'>He</span> <span class='ocrx_word' id='word_1_290' title='bbox 877 2158 950 2188; x_wconf 80' lang='lat' dir='ltr'>says</span> 
     </span>
     <span class='ocr_line' id='line_1_33' title="bbox 173 2191 950 2234; baseline -0.005 -10"><span class='ocrx_word' id='word_1_291' title='bbox 173 2199 181 2211; x_wconf 81' lang='lat'>‘</span> <span class='ocrx_word' id='word_1_292' title='bbox 193 2194 301 2234; x_wconf 79' lang='lat' dir='ltr'>Plagis</span> <span class='ocrx_word' id='word_1_293' title='bbox 318 2193 502 2224; x_wconf 81' lang='lat' dir='ltr'>confectum</span> <span class='ocrx_word' id='word_1_294' title='bbox 513 2193 522 2205; x_wconf 86' lang='lat'>&#39;</span> <span class='ocrx_word' id='word_1_295' title='bbox 539 2193 594 2223; x_wconf 78' lang='lat' dir='ltr'>&amp;c.</span> <span class='ocrx_word' id='word_1_296' title='bbox 606 2204 614 2228; x_wconf 78' lang='lat'><em>3</em></span> <span class='ocrx_word' id='word_1_297' title='bbox 638 2191 703 2222; x_wconf 89' lang='lat' dir='ltr'>and</span> <span class='ocrx_word' id='word_1_298' title='bbox 718 2192 809 2228; x_wconf 90' lang='lat' dir='ltr'>then,</span> <span class='ocrx_word' id='word_1_299' title='bbox 826 2193 861 2221; x_wconf 91' lang='lat' dir='ltr'>to</span> <span class='ocrx_word' id='word_1_300' title='bbox 877 2191 950 2230; x_wconf 87' lang='lat' dir='ltr'>give</span> 
     </span>
     <span class='ocr_line' id='line_1_34' title="bbox 171 2234 950 2276; baseline -0.004 -10"><span class='ocrx_word' id='word_1_301' title='bbox 171 2240 301 2275; x_wconf 73' lang='lat' dir='ltr'>greater</span> <span class='ocrx_word' id='word_1_302' title='bbox 324 2236 484 2276; x_wconf 78' lang='lat' dir='ltr'>emphasis</span> <span class='ocrx_word' id='word_1_303' title='bbox 507 2238 542 2266; x_wconf 89' lang='lat' dir='ltr'>to</span> <span class='ocrx_word' id='word_1_304' title='bbox 565 2235 654 2265; x_wconf 85' lang='lat' dir='ltr'>what</span> <span class='ocrx_word' id='word_1_305' title='bbox 677 2235 717 2265; x_wconf 90' lang='lat' dir='ltr'>he</span> <span class='ocrx_word' id='word_1_306' title='bbox 738 2235 795 2264; x_wconf 86' lang='lat' dir='ltr'>has</span> <span class='ocrx_word' id='word_1_307' title='bbox 814 2234 893 2270; x_wconf 85' lang='lat' dir='ltr'>said,</span> <span class='ocrx_word' id='word_1_308' title='bbox 910 2234 950 2263; x_wconf 88' lang='lat' dir='ltr'>he</span> 
     </span>
     <span class='ocr_line' id='line_1_35' title="bbox 171 2277 950 2319; baseline -0.004 -10"><span class='ocrx_word' id='word_1_309' title='bbox 171 2280 260 2316; x_wconf 84' lang='lat' dir='ltr'>adds,</span> <span class='ocrx_word' id='word_1_310' title='bbox 286 2284 295 2296; x_wconf 91' lang='lat'>‘</span> <span class='ocrx_word' id='word_1_311' title='bbox 305 2282 340 2310; x_wconf 86' lang='lat' dir='ltr'>at</span> <span class='ocrx_word' id='word_1_312' title='bbox 356 2290 453 2319; x_wconf 84' lang='lat' dir='ltr'>quam</span> <span class='ocrx_word' id='word_1_313' title='bbox 469 2279 509 2309; x_wconf 90' lang='lat' dir='ltr'>ob</span> <span class='ocrx_word' id='word_1_314' title='bbox 525 2278 677 2314; x_wconf 81' lang='lat' dir='ltr'>eausam,&#39;</span> <span class='ocrx_word' id='word_1_315' title='bbox 695 2278 780 2307; x_wconf 83' lang='lat' dir='ltr'>‘and</span> <span class='ocrx_word' id='word_1_316' title='bbox 794 2277 845 2307; x_wconf 87' lang='lat' dir='ltr'>for</span> <span class='ocrx_word' id='word_1_317' title='bbox 861 2277 950 2307; x_wconf 84' lang='lat' dir='ltr'>what</span> 
     </span>
     <span class='ocr_line' id='line_1_36' title="bbox 171 2320 949 2360; baseline -0.005 -7"><span class='ocrx_word' id='word_1_318' title='bbox 171 2323 322 2353; x_wconf 80' lang='lat' dir='ltr'>reason?&#39;</span> <span class='ocrx_word' id='word_1_319' title='bbox 368 2322 456 2352; x_wconf 86' lang='lat' dir='ltr'>Thus</span> <span class='ocrx_word' id='word_1_320' title='bbox 471 2322 503 2351; x_wconf 91' lang='lat' dir='ltr'>in</span> <span class='ocrx_word' id='word_1_321' title='bbox 526 2321 583 2351; x_wconf 88' lang='lat' dir='ltr'>the.</span> <span class='ocrx_word' id='word_1_322' title='bbox 598 2321 778 2360; x_wconf 84' lang='lat' dir='ltr'>beginning</span> <span class='ocrx_word' id='word_1_323' title='bbox 798 2320 835 2350; x_wconf 87' lang='lat' dir='ltr'>of</span> <span class='ocrx_word' id='word_1_324' title='bbox 853 2330 880 2350; x_wconf 87' lang='lat' dir='ltr'>c.</span> <span class='ocrx_word' id='word_1_325' title='bbox 897 2320 949 2355; x_wconf 88' lang='lat'>56,</span> 
     </span>
     <span class='ocr_line' id='line_1_37' title="bbox 173 2362 950 2405; baseline -0.005 -10"><span class='ocrx_word' id='word_1_326' title='bbox 173 2369 182 2382; x_wconf 90' lang='lat'>‘</span> <span class='ocrx_word' id='word_1_327' title='bbox 194 2366 240 2395; x_wconf 91' lang='lat' dir='ltr'>At</span> <span class='ocrx_word' id='word_1_328' title='bbox 263 2375 344 2405; x_wconf 86' lang='lat' dir='ltr'>quae</span> <span class='ocrx_word' id='word_1_329' title='bbox 367 2366 438 2394; x_wconf 81' lang='lat' dir='ltr'>erat</span> <span class='ocrx_word' id='word_1_330' title='bbox 456 2364 520 2394; x_wconf 88' lang='lat' dir='ltr'>ista</span> <span class='ocrx_word' id='word_1_331' title='bbox 535 2363 655 2399; x_wconf 62' lang='lat' dir='ltr'>libido:</span> <span class='ocrx_word' id='word_1_332' title='bbox 667 2364 738 2400; x_wconf 78' lang='lat' dir='ltr'>&amp;c.;</span> <span class='ocrx_word' id='word_1_333' title='bbox 763 2362 828 2392; x_wconf 88' lang='lat' dir='ltr'>and</span> <span class='ocrx_word' id='word_1_334' title='bbox 843 2362 877 2391; x_wconf 92' lang='grc'>111</span> <span class='ocrx_word' id='word_1_335' title='bbox 892 2362 950 2392; x_wconf 82' lang='grc'>1110</span> 
     </span>
     <span class='ocr_line' id='line_1_38' title="bbox 172 2404 949 2446; baseline -0.005 -9"><span class='ocrx_word' id='word_1_336' title='bbox 172 2418 259 2438; x_wconf 81' lang='lat' dir='ltr'>same</span> <span class='ocrx_word' id='word_1_337' title='bbox 290 2407 435 2446; x_wconf 78' lang='lat' dir='ltr'>chapter,</span> <span class='ocrx_word' id='word_1_338' title='bbox 463 2407 528 2437; x_wconf 84' lang='lat' dir='ltr'>‘At</span> <span class='ocrx_word' id='word_1_339' title='bbox 558 2416 639 2445; x_wconf 86' lang='lat' dir='ltr'>quae</span> <span class='ocrx_word' id='word_1_340' title='bbox 662 2415 759 2435; x_wconf 84' lang='lat' dir='ltr'>causa</span> <span class='ocrx_word' id='word_1_341' title='bbox 781 2407 853 2435; x_wconf 89' lang='lat' dir='ltr'>tum</span> <span class='ocrx_word' id='word_1_342' title='bbox 876 2404 949 2434; x_wconf 91' lang='lat' dir='ltr'>sub-</span> 
     </span>
     <span class='ocr_line' id='line_1_39' title="bbox 168 2449 439 2492; baseline -0.011 -11"><span class='ocrx_word' id='word_1_343' title='bbox 168 2449 366 2492; x_wconf 84' lang='lat' dir='ltr'>jiciebatur,&#39;</span> <span class='ocrx_word' id='word_1_344' title='bbox 384 2449 439 2479; x_wconf 77' lang='lat' dir='ltr'>&amp;c.</span> 
     </span>
    </p>

    <p class='ocr_par' dir='ltr' id='par_1_5' title="bbox 173 2488 953 2654">
     <span class='ocr_line' id='line_1_40' title="bbox 216 2488 950 2533; baseline -0.007 -10"><span class='ocrx_word' id='word_1_345' title='bbox 216 2493 379 2533; x_wconf 69' lang='lat' dir='ltr'>Iynoscz&#39;te</span> <span class='ocrx_word' id='word_1_346' title='bbox 396 2492 429 2521; x_wconf 80' lang='grc' dir='ltr'><em>ιή</em></span> <span class='ocrx_word' id='word_1_347' title='bbox 444 2491 502 2521; x_wconf 79' lang='lat' dir='ltr'>lzoc</span> <span class='ocrx_word' id='word_1_348' title='bbox 524 2489 617 2530; x_wconf 82' lang='lat' dir='ltr'>uno,]</span> <span class='ocrx_word' id='word_1_349' title='bbox 665 2490 809 2519; x_wconf 72' lang='lat' dir='ltr'>‘Excuse</span> <span class='ocrx_word' id='word_1_350' title='bbox 824 2499 876 2519; x_wconf 88' lang='lat' dir='ltr'>me</span> <span class='ocrx_word' id='word_1_351' title='bbox 892 2488 922 2518; x_wconf 88' lang='lat' dir='ltr'>if</span> <span class='ocrx_word' id='word_1_352' title='bbox 934 2488 950 2518; x_wconf 92' lang='lat' dir='ltr'>I</span> 
     </span>
     <span class='ocr_line' id='line_1_41' title="bbox 173 2531 952 2568; baseline -0.009 -1"><span class='ocrx_word' id='word_1_353' title='bbox 173 2537 230 2567; x_wconf 85' lang='lat' dir='ltr'>ask</span> <span class='ocrx_word' id='word_1_354' title='bbox 246 2536 296 2566; x_wconf 87' lang='lat' dir='ltr'>for</span> <span class='ocrx_word' id='word_1_355' title='bbox 312 2546 331 2566; x_wconf 86' lang='lat' dir='ltr'>a</span> <span class='ocrx_word' id='word_1_356' title='bbox 346 2545 458 2565; x_wconf 83' lang='lat' dir='ltr'>reason</span> <span class='ocrx_word' id='word_1_357' title='bbox 474 2534 507 2564; x_wconf 90' lang='lat' dir='ltr'>in</span> <span class='ocrx_word' id='word_1_358' title='bbox 518 2534 583 2564; x_wconf 87' lang='lat' dir='ltr'>this</span> <span class='ocrx_word' id='word_1_359' title='bbox 593 2544 652 2563; x_wconf 91' lang='grc'>0110</span> <span class='ocrx_word' id='word_1_360' title='bbox 663 2543 748 2568; x_wconf 67' lang='lat' dir='ltr'>case,</span> <span class='ocrx_word' id='word_1_361' title='bbox 771 2532 822 2562; x_wconf 90' lang='lat' dir='ltr'>for</span> <span class='ocrx_word' id='word_1_362' title='bbox 838 2532 854 2561; x_wconf 93' lang='lat' dir='ltr'>I</span> <span class='ocrx_word' id='word_1_363' title='bbox 871 2531 952 2561; x_wconf 83' lang='lat' dir='ltr'>shall</span> 
     </span>
     <span class='ocr_line' id='line_1_42' title="bbox 173 2575 953 2610; baseline -0.008 0"><span class='ocrx_word' id='word_1_364' title='bbox 173 2582 232 2610; x_wconf 90' lang='lat' dir='ltr'>not</span> <span class='ocrx_word' id='word_1_365' title='bbox 259 2579 332 2609; x_wconf 90' lang='lat' dir='ltr'>seek</span> <span class='ocrx_word' id='word_1_366' title='bbox 359 2578 457 2608; x_wconf 88' lang='lat' dir='ltr'>much</span> <span class='ocrx_word' id='word_1_367' title='bbox 486 2577 537 2608; x_wconf 88' lang='lat' dir='ltr'>for</span> <span class='ocrx_word' id='word_1_368' title='bbox 563 2586 691 2607; x_wconf 84' lang='lat' dir='ltr'>reasons</span> <span class='ocrx_word' id='word_1_369' title='bbox 717 2575 751 2605; x_wconf 89' lang='lat' dir='ltr'>in</span> <span class='ocrx_word' id='word_1_370' title='bbox 774 2575 832 2605; x_wconf 86' lang='lat' dir='ltr'>the</span> <span class='ocrx_word' id='word_1_371' title='bbox 858 2575 953 2605; x_wconf 89' lang='lat' dir='ltr'>other</span> 
     </span>
     <span class='ocr_line' id='line_1_43' title="bbox 173 2622 281 2654; baseline -0.019 0"><span class='ocrx_word' id='word_1_372' title='bbox 173 2622 281 2654; x_wconf 73' lang='lat' dir='ltr'>cases.5</span> 
     </span>
    </p>

    <p class='ocr_par' dir='ltr' id='par_1_6' title="bbox 175 2659 948 2739">
     <span class='ocr_line' id='line_1_44' title="bbox 217 2659 948 2705; baseline -0.008 -10"><span class='ocrx_word' id='word_1_373' title='bbox 217 2665 409 2705; x_wconf 71' lang='lat' dir='ltr'>Lilybaeum</span> <span class='ocrx_word' id='word_1_374' title='bbox 419 2663 639 2694; x_wconf 73' lang='lat' dir='ltr'>vadimonimn</span> <span class='ocrx_word' id='word_1_375' title='bbox 656 2685 663 2692; x_wconf 94' lang='lat'>.</span> <span class='ocrx_word' id='word_1_376' title='bbox 682 2685 689 2692; x_wconf 92' lang='lat'>.</span> <span class='ocrx_word' id='word_1_377' title='bbox 707 2684 714 2692; x_wconf 91' lang='lat'>.</span> <span class='ocrx_word' id='word_1_378' title='bbox 725 2659 948 2702; x_wconf 61' lang='lat' dir='ltr'>promittere]</span> 
     </span>
     <span class='ocr_line' id='line_1_45' title="bbox 175 2707 481 2739; baseline -0.01 0"><span class='ocrx_word' id='word_1_379' title='bbox 175 2710 234 2739; x_wconf 83' lang='lat' dir='ltr'>See</span> <span class='ocrx_word' id='word_1_380' title='bbox 251 2708 322 2737; x_wconf 83' lang='lat' dir='ltr'>Lib.</span> <span class='ocrx_word' id='word_1_381' title='bbox 339 2710 368 2737; x_wconf 86' lang='lat'>3.</span> <span class='ocrx_word' id='word_1_382' title='bbox 387 2718 412 2737; x_wconf 88' lang='grc'>0.</span> <span class='ocrx_word' id='word_1_383' title='bbox 430 2707 481 2737; x_wconf 86' lang='grc'>15.</span> 
     </span>
    </p>

    <p class='ocr_par' dir='ltr' id='par_1_7' title="bbox 175 2746 952 2878">
     <span class='ocr_line' id='line_1_46' title="bbox 218 2746 951 2790; baseline -0.005 -11"><span class='ocrx_word' id='word_1_384' title='bbox 218 2751 421 2790; x_wconf 73' lang='lat' dir='ltr'>sponsionem</span> <span class='ocrx_word' id='word_1_385' title='bbox 433 2773 439 2780; x_wconf 88' lang='lat'>.</span> <span class='ocrx_word' id='word_1_386' title='bbox 453 2748 597 2789; x_wconf 77' lang='lat' dir='ltr'>,saeere]</span> <span class='ocrx_word' id='word_1_387' title='bbox 632 2748 719 2778; x_wconf 86' lang='lat' dir='ltr'>Herc</span> <span class='ocrx_word' id='word_1_388' title='bbox 732 2750 741 2764; x_wconf 84' lang='lat'>‘</span> <span class='ocrx_word' id='word_1_389' title='bbox 751 2746 951 2787; x_wconf 80' lang='lat' dir='ltr'>sponsionem</span> 
     </span>
     <span class='ocr_line' id='line_1_47' title="bbox 175 2789 952 2830; baseline -0.008 -6"><span class='ocrx_word' id='word_1_390' title='bbox 175 2795 280 2824; x_wconf 81' lang='lat' dir='ltr'>facere</span> <span class='ocrx_word' id='word_1_391' title='bbox 291 2793 299 2805; x_wconf 83' lang='lat'>’</span> <span class='ocrx_word' id='word_1_392' title='bbox 316 2793 341 2823; x_wconf 80' lang='lat' dir='ltr'>is</span> <span class='ocrx_word' id='word_1_393' title='bbox 364 2793 433 2823; x_wconf 79' lang='lat' dir='ltr'>said</span> <span class='ocrx_word' id='word_1_394' title='bbox 455 2793 492 2823; x_wconf 90' lang='lat' dir='ltr'>of</span> <span class='ocrx_word' id='word_1_395' title='bbox 510 2792 577 2822; x_wconf 85' lang='lat' dir='ltr'>him</span> <span class='ocrx_word' id='word_1_396' title='bbox 600 2792 671 2822; x_wconf 90' lang='lat' dir='ltr'>who</span> <span class='ocrx_word' id='word_1_397' title='bbox 690 2800 828 2821; x_wconf 84' lang='lat' dir='ltr'>answers</span> <span class='ocrx_word' id='word_1_398' title='bbox 845 2789 952 2830; x_wconf 86' lang='lat' dir='ltr'>(spon-</span> 
     </span>
     <span class='ocr_line' id='line_1_48' title="bbox 175 2832 952 2878; baseline -0.006 -11"><span class='ocrx_word' id='word_1_399' title='bbox 175 2837 245 2878; x_wconf 89' lang='lat' dir='ltr'>det)</span> <span class='ocrx_word' id='word_1_400' title='bbox 262 2836 326 2867; x_wconf 86' lang='lat' dir='ltr'>and</span> <span class='ocrx_word' id='word_1_401' title='bbox 347 2836 500 2877; x_wconf 79' lang='lat' dir='ltr'>promises</span> <span class='ocrx_word' id='word_1_402' title='bbox 524 2833 718 2876; x_wconf 87' lang='lat' dir='ltr'>(promittit)</span> <span class='ocrx_word' id='word_1_403' title='bbox 738 2835 773 2864; x_wconf 89' lang='lat' dir='ltr'>to</span> <span class='ocrx_word' id='word_1_404' title='bbox 793 2832 862 2863; x_wconf 87' lang='lat' dir='ltr'>him</span> <span class='ocrx_word' id='word_1_405' title='bbox 878 2832 952 2873; x_wconf 86' lang='lat' dir='ltr'>‘qui</span> 
     </span>
    </p>
   </div>
   <div class='ocr_carea' id='block_1_4' title="bbox 990 1972 1773 2869">
    <p class='ocr_par' dir='ltr' id='par_1_8' title="bbox 990 1972 1773 2869">
     <span class='ocr_line' id='line_1_49' title="bbox 994 1972 1772 2014; baseline -0.003 -9"><span class='ocrx_word' id='word_1_406' title='bbox 994 1974 1162 2014; x_wconf 87' lang='lat' dir='ltr'>sponsione</span> <span class='ocrx_word' id='word_1_407' title='bbox 1177 1973 1326 2010; x_wconf 85' lang='lat' dir='ltr'>lacessit,’</span> <span class='ocrx_word' id='word_1_408' title='bbox 1343 1983 1376 2003; x_wconf 86' lang='lat' dir='ltr'>as</span> <span class='ocrx_word' id='word_1_409' title='bbox 1393 1972 1505 2004; x_wconf 87' lang='lat' dir='ltr'>Keller</span> <span class='ocrx_word' id='word_1_410' title='bbox 1519 1973 1633 2009; x_wconf 84' lang='lat' dir='ltr'>shows,</span> <span class='ocrx_word' id='word_1_411' title='bbox 1651 1973 1772 2004; x_wconf 73' lang='grc'>8011105-</span> 
     </span>
     <span class='ocr_line' id='line_1_50' title="bbox 994 2016 1770 2052; baseline -0.001 -5"><span class='ocrx_word' id='word_1_412' title='bbox 994 2018 1097 2048; x_wconf 85' lang='lat' dir='ltr'>trium</span> <span class='ocrx_word' id='word_1_413' title='bbox 1113 2017 1155 2047; x_wconf 89' lang='lat' dir='ltr'>ad</span> <span class='ocrx_word' id='word_1_414' title='bbox 1170 2017 1217 2047; x_wconf 91' lang='lat' dir='ltr'>M.</span> <span class='ocrx_word' id='word_1_415' title='bbox 1230 2017 1373 2047; x_wconf 84' lang='lat' dir='ltr'>Tullium</span> <span class='ocrx_word' id='word_1_416' title='bbox 1386 2016 1573 2047; x_wconf 86' lang='lat' dir='ltr'>Ciceronem</span> <span class='ocrx_word' id='word_1_417' title='bbox 1590 2016 1681 2046; x_wconf 89' lang='lat' dir='ltr'>Libri</span> <span class='ocrx_word' id='word_1_418' title='bbox 1698 2016 1770 2052; x_wconf 85' lang='lat' dir='ltr'>Sex,</span> 
     </span>
     <span class='ocr_line' id='line_1_51' title="bbox 994 2059 1772 2100; baseline -0.003 -9"><span class='ocrx_word' id='word_1_419' title='bbox 994 2060 1015 2091; x_wconf 90' lang='lat' dir='ltr'>i.</span> <span class='ocrx_word' id='word_1_420' title='bbox 1032 2071 1062 2100; x_wconf 89' lang='lat' dir='ltr'>p.</span> <span class='ocrx_word' id='word_1_421' title='bbox 1080 2061 1132 2091; x_wconf 81' lang='lat'>31.</span> <span class='ocrx_word' id='word_1_422' title='bbox 1180 2061 1214 2091; x_wconf 92' lang='lat' dir='ltr'>It</span> <span class='ocrx_word' id='word_1_423' title='bbox 1229 2060 1287 2090; x_wconf 88' lang='lat' dir='ltr'>has</span> <span class='ocrx_word' id='word_1_424' title='bbox 1303 2060 1369 2090; x_wconf 87' lang='lat' dir='ltr'>also</span> <span class='ocrx_word' id='word_1_425' title='bbox 1389 2060 1456 2090; x_wconf 90' lang='lat' dir='ltr'>this</span> <span class='ocrx_word' id='word_1_426' title='bbox 1476 2070 1565 2090; x_wconf 89' lang='lat' dir='ltr'>sense</span> <span class='ocrx_word' id='word_1_427' title='bbox 1585 2059 1619 2089; x_wconf 92' lang='lat' dir='ltr'>in</span> <span class='ocrx_word' id='word_1_428' title='bbox 1635 2059 1692 2090; x_wconf 90' lang='lat' dir='ltr'>the</span> <span class='ocrx_word' id='word_1_429' title='bbox 1708 2059 1772 2089; x_wconf 87' lang='lat' dir='ltr'>Pro</span> 
     </span>
     <span class='ocr_line' id='line_1_52' title="bbox 995 2103 1772 2140; baseline -0.003 -6"><span class='ocrx_word' id='word_1_430' title='bbox 995 2103 1142 2140; x_wconf 86' lang='lat' dir='ltr'>Caecina,</span> <span class='ocrx_word' id='word_1_431' title='bbox 1164 2113 1191 2134; x_wconf 89' lang='grc'>0.</span> <span class='ocrx_word' id='word_1_432' title='bbox 1219 2104 1272 2140; x_wconf 85' lang='grc'>28,</span> <span class='ocrx_word' id='word_1_433' title='bbox 1297 2103 1487 2133; x_wconf 86' lang='lat' dir='ltr'>“Aebutius</span> <span class='ocrx_word' id='word_1_434' title='bbox 1511 2125 1518 2132; x_wconf 92' lang='lat'>.</span> <span class='ocrx_word' id='word_1_435' title='bbox 1543 2126 1550 2133; x_wconf 93' lang='lat'>.</span> <span class='ocrx_word' id='word_1_436' title='bbox 1574 2112 1700 2133; x_wconf 87' lang='lat' dir='ltr'>necesse</span> <span class='ocrx_word' id='word_1_437' title='bbox 1723 2104 1772 2132; x_wconf 87' lang='lat' dir='ltr'>est</span> 
     </span>
     <span class='ocr_line' id='line_1_53' title="bbox 995 2145 1773 2186; baseline -0.004 -9"><span class='ocrx_word' id='word_1_438' title='bbox 995 2147 1079 2177; x_wconf 88' lang='lat' dir='ltr'>male</span> <span class='ocrx_word' id='word_1_439' title='bbox 1115 2146 1229 2177; x_wconf 85' lang='lat' dir='ltr'>fecerit</span> <span class='ocrx_word' id='word_1_440' title='bbox 1262 2145 1496 2186; x_wconf 85' lang='lat' dir='ltr'>sponsionem.”</span> <span class='ocrx_word' id='word_1_441' title='bbox 1547 2145 1587 2175; x_wconf 90' lang='lat' dir='ltr'>In</span> <span class='ocrx_word' id='word_1_442' title='bbox 1617 2145 1673 2175; x_wconf 87' lang='lat' dir='ltr'>the</span> <span class='ocrx_word' id='word_1_443' title='bbox 1709 2145 1773 2175; x_wconf 92' lang='lat' dir='ltr'>Pro</span> 
     </span>
     <span class='ocr_line' id='line_1_54' title="bbox 996 2187 1773 2228; baseline -0.004 -8"><span class='ocrx_word' id='word_1_444' title='bbox 996 2189 1141 2226; x_wconf 82' lang='lat' dir='ltr'>Quintio,</span> <span class='ocrx_word' id='word_1_445' title='bbox 1166 2200 1193 2220; x_wconf 89' lang='lat' dir='ltr'>c.</span> <span class='ocrx_word' id='word_1_446' title='bbox 1217 2190 1248 2225; x_wconf 91' lang='grc'>8,</span> <span class='ocrx_word' id='word_1_447' title='bbox 1272 2190 1303 2225; x_wconf 88' lang='grc'>9,</span> <span class='ocrx_word' id='word_1_448' title='bbox 1327 2188 1482 2225; x_wconf 80' lang='lat' dir='ltr'>Quintius</span> <span class='ocrx_word' id='word_1_449' title='bbox 1506 2188 1582 2228; x_wconf 89' lang='lat' dir='ltr'>‘qui</span> <span class='ocrx_word' id='word_1_450' title='bbox 1605 2187 1722 2227; x_wconf 83' lang='lat' dir='ltr'>rogat&#39;</span> <span class='ocrx_word' id='word_1_451' title='bbox 1746 2187 1773 2217; x_wconf 90' lang='lat' dir='ltr'>is</span> 
     </span>
     <span class='ocr_line' id='line_1_55' title="bbox 995 2230 1770 2272; baseline -0.005 -9"><span class='ocrx_word' id='word_1_452' title='bbox 995 2233 1064 2263; x_wconf 89' lang='lat' dir='ltr'>said</span> <span class='ocrx_word' id='word_1_453' title='bbox 1095 2237 1103 2249; x_wconf 93' lang='lat'>‘</span> <span class='ocrx_word' id='word_1_454' title='bbox 1115 2232 1316 2272; x_wconf 87' lang='lat' dir='ltr'>sponsionem</span> <span class='ocrx_word' id='word_1_455' title='bbox 1345 2232 1451 2261; x_wconf 85' lang='lat' dir='ltr'>facere</span> <span class='ocrx_word' id='word_1_456' title='bbox 1460 2230 1482 2267; x_wconf 82' lang='lat'>,·&#39;</span> <span class='ocrx_word' id='word_1_457' title='bbox 1513 2231 1577 2260; x_wconf 87' lang='lat' dir='ltr'>and</span> <span class='ocrx_word' id='word_1_458' title='bbox 1606 2230 1640 2260; x_wconf 92' lang='lat' dir='ltr'>in</span> <span class='ocrx_word' id='word_1_459' title='bbox 1667 2240 1694 2260; x_wconf 91' lang='grc'>0.</span> <span class='ocrx_word' id='word_1_460' title='bbox 1719 2231 1770 2266; x_wconf 80' lang='lat'>14,</span> 
     </span>
     <span class='ocr_line' id='line_1_56' title="bbox 994 2273 1772 2314; baseline -0.004 -9"><span class='ocrx_word' id='word_1_461' title='bbox 994 2275 1138 2306; x_wconf 85' lang='lat' dir='ltr'>Naevius</span> <span class='ocrx_word' id='word_1_462' title='bbox 1162 2279 1171 2291; x_wconf 85' lang='lat'><em>‘</em></span> <span class='ocrx_word' id='word_1_463' title='bbox 1184 2275 1238 2314; x_wconf 88' lang='lat' dir='ltr'>qui</span> <span class='ocrx_word' id='word_1_464' title='bbox 1254 2274 1389 2314; x_wconf 80' lang='lat' dir='ltr'>spondet</span> <span class='ocrx_word' id='word_1_465' title='bbox 1408 2284 1445 2303; x_wconf 85' lang='lat' dir='ltr'>ae</span> <span class='ocrx_word' id='word_1_466' title='bbox 1463 2273 1629 2313; x_wconf 87' lang='lat' dir='ltr'>promittit</span> <span class='ocrx_word' id='word_1_467' title='bbox 1639 2273 1648 2286; x_wconf 88' lang='lat'>’</span> <span class='ocrx_word' id='word_1_468' title='bbox 1664 2273 1691 2302; x_wconf 86' lang='lat' dir='ltr'>is</span> <span class='ocrx_word' id='word_1_469' title='bbox 1706 2273 1772 2303; x_wconf 84' lang='lat' dir='ltr'>also</span> 
     </span>
     <span class='ocr_line' id='line_1_57' title="bbox 995 2316 1771 2357; baseline -0.003 -9"><span class='ocrx_word' id='word_1_470' title='bbox 995 2318 1064 2348; x_wconf 86' lang='lat' dir='ltr'>said</span> <span class='ocrx_word' id='word_1_471' title='bbox 1087 2317 1309 2357; x_wconf 88' lang='lat' dir='ltr'>‘sponsionem</span> <span class='ocrx_word' id='word_1_472' title='bbox 1335 2316 1462 2346; x_wconf 64' lang='lat' dir='ltr'>facere?</span> <span class='ocrx_word' id='word_1_473' title='bbox 1519 2316 1560 2345; x_wconf 84' lang='lat' dir='ltr'>So</span> <span class='ocrx_word' id='word_1_474' title='bbox 1583 2316 1617 2346; x_wconf 92' lang='lat' dir='ltr'>in</span> <span class='ocrx_word' id='word_1_475' title='bbox 1640 2316 1712 2346; x_wconf 90' lang='lat' dir='ltr'>Lib.</span> <span class='ocrx_word' id='word_1_476' title='bbox 1742 2317 1771 2346; x_wconf 88' lang='lat'>1.</span> 
     </span>
     <span class='ocr_line' id='line_1_58' title="bbox 995 2359 1772 2398; baseline -0.001 -7"><span class='ocrx_word' id='word_1_477' title='bbox 995 2371 1021 2391; x_wconf 89' lang='lat' dir='ltr'>c.</span> <span class='ocrx_word' id='word_1_478' title='bbox 1039 2360 1091 2396; x_wconf 81' lang='lat'>45,</span> <span class='ocrx_word' id='word_1_479' title='bbox 1107 2360 1144 2390; x_wconf 86' lang='lat' dir='ltr'>of</span> <span class='ocrx_word' id='word_1_480' title='bbox 1162 2360 1253 2390; x_wconf 88' lang='lat' dir='ltr'>these</span> <span class='ocrx_word' id='word_1_481' title='bbox 1275 2359 1428 2395; x_wconf 88' lang='lat' dir='ltr'>orations,</span> <span class='ocrx_word' id='word_1_482' title='bbox 1454 2359 1672 2398; x_wconf 85' lang='lat' dir='ltr'>‘sponsionem</span> <span class='ocrx_word' id='word_1_483' title='bbox 1688 2359 1772 2390; x_wconf 84' lang='lat' dir='ltr'>face-</span> 
     </span>
     <span class='ocr_line' id='line_1_59' title="bbox 994 2402 1772 2441; baseline -0.001 -8"><span class='ocrx_word' id='word_1_484' title='bbox 994 2403 1068 2439; x_wconf 87' lang='lat' dir='ltr'>ret,&#39;</span> <span class='ocrx_word' id='word_1_485' title='bbox 1092 2402 1156 2432; x_wconf 88' lang='lat' dir='ltr'>and</span> <span class='ocrx_word' id='word_1_486' title='bbox 1180 2406 1189 2418; x_wconf 85' lang='lat'><em>‘</em></span> <span class='ocrx_word' id='word_1_487' title='bbox 1201 2402 1226 2431; x_wconf 87' lang='lat' dir='ltr'>si</span> <span class='ocrx_word' id='word_1_488' title='bbox 1247 2412 1406 2441; x_wconf 84' lang='lat' dir='ltr'>possessor</span> <span class='ocrx_word' id='word_1_489' title='bbox 1426 2402 1627 2441; x_wconf 86' lang='lat' dir='ltr'>sponsionem</span> <span class='ocrx_word' id='word_1_490' title='bbox 1646 2412 1711 2432; x_wconf 88' lang='lat' dir='ltr'>non</span> <span class='ocrx_word' id='word_1_491' title='bbox 1725 2402 1772 2432; x_wconf 87' lang='lat' dir='ltr'>fa-</span> 
     </span>
     <span class='ocr_line' id='line_1_60' title="bbox 995 2445 1773 2486; baseline 0 -11"><span class='ocrx_word' id='word_1_492' title='bbox 995 2445 1081 2481; x_wconf 84' lang='lat' dir='ltr'>ciet,&#39;</span> <span class='ocrx_word' id='word_1_493' title='bbox 1098 2455 1152 2475; x_wconf 85' lang='lat' dir='ltr'>are</span> <span class='ocrx_word' id='word_1_494' title='bbox 1167 2445 1246 2475; x_wconf 86' lang='lat' dir='ltr'>used</span> <span class='ocrx_word' id='word_1_495' title='bbox 1261 2445 1318 2475; x_wconf 86' lang='lat' dir='ltr'>the</span> <span class='ocrx_word' id='word_1_496' title='bbox 1334 2454 1420 2475; x_wconf 85' lang='lat' dir='ltr'>same</span> <span class='ocrx_word' id='word_1_497' title='bbox 1436 2455 1517 2485; x_wconf 86' lang='lat' dir='ltr'>way.</span> <span class='ocrx_word' id='word_1_498' title='bbox 1562 2445 1608 2475; x_wconf 88' lang='lat' dir='ltr'>To</span> <span class='ocrx_word' id='word_1_499' title='bbox 1620 2445 1686 2475; x_wconf 86' lang='lat' dir='ltr'>this</span> <span class='ocrx_word' id='word_1_500' title='bbox 1698 2455 1773 2486; x_wconf 85' lang='lat' dir='ltr'>may</span> 
     </span>
     <span class='ocr_line' id='line_1_61' title="bbox 994 2487 1772 2528; baseline 0 -10"><span class='ocrx_word' id='word_1_501' title='bbox 994 2488 1034 2518; x_wconf 91' lang='lat' dir='ltr'>be</span> <span class='ocrx_word' id='word_1_502' title='bbox 1050 2488 1154 2518; x_wconf 83' lang='lat' dir='ltr'>added</span> <span class='ocrx_word' id='word_1_503' title='bbox 1166 2488 1223 2518; x_wconf 86' lang='lat' dir='ltr'>the</span> <span class='ocrx_word' id='word_1_504' title='bbox 1240 2488 1307 2518; x_wconf 83' lang='lat' dir='ltr'>Lex</span> <span class='ocrx_word' id='word_1_505' title='bbox 1323 2488 1445 2518; x_wconf 84' lang='lat' dir='ltr'>Galliae</span> <span class='ocrx_word' id='word_1_506' title='bbox 1462 2487 1653 2528; x_wconf 85' lang='lat' dir='ltr'>Cisalpinae,</span> <span class='ocrx_word' id='word_1_507' title='bbox 1675 2498 1702 2518; x_wconf 88' lang='lat' dir='ltr'>c.</span> <span class='ocrx_word' id='word_1_508' title='bbox 1719 2489 1772 2525; x_wconf 87' lang='lat'>20,</span> 
     </span>
     <span class='ocr_line' id='line_1_62' title="bbox 998 2531 1771 2571; baseline 0.001 -11"><span class='ocrx_word' id='word_1_509' title='bbox 998 2535 1016 2547; x_wconf 88' lang='lat'><strong>“</strong></span> <span class='ocrx_word' id='word_1_510' title='bbox 1029 2531 1055 2560; x_wconf 87' lang='lat' dir='ltr'>si</span> <span class='ocrx_word' id='word_1_511' title='bbox 1070 2531 1097 2560; x_wconf 87' lang='lat' dir='ltr'>is</span> <span class='ocrx_word' id='word_1_512' title='bbox 1112 2531 1156 2560; x_wconf 90' lang='lat' dir='ltr'>ibi</span> <span class='ocrx_word' id='word_1_513' title='bbox 1173 2531 1212 2561; x_wconf 90' lang='lat' dir='ltr'>de</span> <span class='ocrx_word' id='word_1_514' title='bbox 1228 2541 1265 2561; x_wconf 87' lang='lat' dir='ltr'>ea</span> <span class='ocrx_word' id='word_1_515' title='bbox 1280 2541 1314 2561; x_wconf 88' lang='lat' dir='ltr'>re</span> <span class='ocrx_word' id='word_1_516' title='bbox 1331 2531 1363 2560; x_wconf 89' lang='lat' dir='ltr'>in</span> <span class='ocrx_word' id='word_1_517' title='bbox 1379 2531 1454 2571; x_wconf 84' lang='lat' dir='ltr'>jure</span> <span class='ocrx_word' id='word_1_518' title='bbox 1474 2541 1539 2561; x_wconf 90' lang='lat' dir='ltr'>non</span> <span class='ocrx_word' id='word_1_519' title='bbox 1560 2531 1771 2571; x_wconf 85' lang='lat' dir='ltr'>responderit,</span> 
     </span>
     <span class='ocr_line' id='line_1_63' title="bbox 996 2574 1773 2614; baseline 0 -10"><span class='ocrx_word' id='word_1_520' title='bbox 996 2584 1100 2614; x_wconf 88' lang='lat' dir='ltr'>neque</span> <span class='ocrx_word' id='word_1_521' title='bbox 1123 2574 1162 2604; x_wconf 85' lang='lat' dir='ltr'>de</span> <span class='ocrx_word' id='word_1_522' title='bbox 1185 2584 1222 2604; x_wconf 84' lang='lat' dir='ltr'>ea</span> <span class='ocrx_word' id='word_1_523' title='bbox 1244 2584 1278 2604; x_wconf 91' lang='lat' dir='ltr'>re</span> <span class='ocrx_word' id='word_1_524' title='bbox 1305 2574 1506 2613; x_wconf 78' lang='lat' dir='ltr'>sponsionem</span> <span class='ocrx_word' id='word_1_525' title='bbox 1535 2574 1644 2610; x_wconf 81' lang='lat' dir='ltr'>faciet,</span> <span class='ocrx_word' id='word_1_526' title='bbox 1669 2584 1773 2614; x_wconf 87' lang='lat' dir='ltr'>neque</span> 
     </span>
     <span class='ocr_line' id='line_1_64' title="bbox 990 2616 1773 2657; baseline 0 -11"><span class='ocrx_word' id='word_1_527' title='bbox 990 2617 1114 2657; x_wconf 76' lang='lat' dir='ltr'>judicio</span> <span class='ocrx_word' id='word_1_528' title='bbox 1137 2617 1186 2647; x_wconf 89' lang='lat' dir='ltr'>uti</span> <span class='ocrx_word' id='word_1_529' title='bbox 1211 2617 1375 2656; x_wconf 82' lang='lat' dir='ltr'>oportebit</span> <span class='ocrx_word' id='word_1_530' title='bbox 1398 2627 1430 2647; x_wconf 88' lang='lat' dir='ltr'>se</span> <span class='ocrx_word' id='word_1_531' title='bbox 1446 2617 1597 2647; x_wconf 84' lang='lat' dir='ltr'>defendet</span> <span class='ocrx_word' id='word_1_532' title='bbox 1608 2616 1640 2652; x_wconf 79' lang='lat'>3³³</span> <span class='ocrx_word' id='word_1_533' title='bbox 1656 2617 1720 2646; x_wconf 87' lang='lat' dir='ltr'>and</span> <span class='ocrx_word' id='word_1_534' title='bbox 1738 2617 1773 2646; x_wconf 92' lang='lat' dir='ltr'>in</span> 
     </span>
     <span class='ocr_line' id='line_1_65' title="bbox 995 2660 1772 2700; baseline -0.001 -10"><span class='ocrx_word' id='word_1_535' title='bbox 995 2660 1132 2690; x_wconf 85' lang='lat' dir='ltr'>another</span> <span class='ocrx_word' id='word_1_536' title='bbox 1155 2670 1296 2700; x_wconf 81' lang='lat' dir='ltr'>passage,</span> <span class='ocrx_word' id='word_1_537' title='bbox 1322 2664 1341 2676; x_wconf 90' lang='lat'><strong>“</strong></span> <span class='ocrx_word' id='word_1_538' title='bbox 1353 2660 1408 2699; x_wconf 84' lang='lat' dir='ltr'>qui</span> <span class='ocrx_word' id='word_1_539' title='bbox 1435 2670 1467 2690; x_wconf 85' lang='lat' dir='ltr'>se</span> <span class='ocrx_word' id='word_1_540' title='bbox 1493 2660 1660 2699; x_wconf 88' lang='lat' dir='ltr'>sponsione</span> <span class='ocrx_word' id='word_1_541' title='bbox 1684 2660 1772 2700; x_wconf 86' lang='lat' dir='ltr'>judi-</span> 
     </span>
     <span class='ocr_line' id='line_1_66' title="bbox 995 2702 1640 2742; baseline -0.002 -9"><span class='ocrx_word' id='word_1_542' title='bbox 995 2703 1083 2733; x_wconf 81' lang='lat' dir='ltr'>ciove</span> <span class='ocrx_word' id='word_1_543' title='bbox 1100 2703 1149 2733; x_wconf 86' lang='lat' dir='ltr'>uti</span> <span class='ocrx_word' id='word_1_544' title='bbox 1166 2703 1329 2742; x_wconf 87' lang='lat' dir='ltr'>oportebit</span> <span class='ocrx_word' id='word_1_545' title='bbox 1344 2713 1410 2732; x_wconf 89' lang='lat' dir='ltr'>non</span> <span class='ocrx_word' id='word_1_546' title='bbox 1425 2702 1640 2732; x_wconf 81' lang='lat' dir='ltr'>defenderit.&#39;’</span> 
     </span>
     <span class='ocr_line' id='line_1_67' title="bbox 1041 2744 1772 2784; baseline -0.001 -9"><span class='ocrx_word' id='word_1_547' title='bbox 1041 2746 1210 2776; x_wconf 71' lang='lat' dir='ltr'>Instanecs</span> <span class='ocrx_word' id='word_1_548' title='bbox 1226 2746 1332 2776; x_wconf 84' lang='lat' dir='ltr'>where</span> <span class='ocrx_word' id='word_1_549' title='bbox 1346 2746 1403 2776; x_wconf 85' lang='lat' dir='ltr'>the</span> <span class='ocrx_word' id='word_1_550' title='bbox 1423 2749 1432 2762; x_wconf 92' lang='lat'>‘</span> <span class='ocrx_word' id='word_1_551' title='bbox 1442 2745 1616 2784; x_wconf 85' lang='lat' dir='ltr'>stipulator</span> <span class='ocrx_word' id='word_1_552' title='bbox 1627 2745 1636 2758; x_wconf 90' lang='lat'><em>&#39;</em></span> <span class='ocrx_word' id='word_1_553' title='bbox 1658 2745 1684 2774; x_wconf 92' lang='grc'>15</span> <span class='ocrx_word' id='word_1_554' title='bbox 1704 2744 1772 2775; x_wconf 87' lang='lat' dir='ltr'>said</span> 
     </span>
     <span class='ocr_line' id='line_1_68' title="bbox 997 2787 1771 2828; baseline 0.001 -10"><span class='ocrx_word' id='word_1_555' title='bbox 997 2789 1217 2828; x_wconf 81' lang='lat' dir='ltr'>‘sponsionem</span> <span class='ocrx_word' id='word_1_556' title='bbox 1234 2788 1362 2824; x_wconf 49' lang='lat' dir='ltr'>facere}</span> <span class='ocrx_word' id='word_1_557' title='bbox 1377 2798 1474 2819; x_wconf 88' lang='grc'>000111·</span> <span class='ocrx_word' id='word_1_558' title='bbox 1489 2788 1523 2818; x_wconf 89' lang='grc'>111</span> <span class='ocrx_word' id='word_1_559' title='bbox 1540 2788 1612 2818; x_wconf 89' lang='lat' dir='ltr'>Lib.</span> <span class='ocrx_word' id='word_1_560' title='bbox 1628 2789 1658 2818; x_wconf 88' lang='lat'>3.</span> <span class='ocrx_word' id='word_1_561' title='bbox 1675 2798 1702 2818; x_wconf 85' lang='lat' dir='ltr'>c.</span> <span class='ocrx_word' id='word_1_562' title='bbox 1719 2787 1771 2823; x_wconf 89' lang='lat'>57,</span> 
     </span>
     <span class='ocr_line' id='line_1_69' title="bbox 996 2830 1772 2869; baseline -0.003 -6"><span class='ocrx_word' id='word_1_563' title='bbox 996 2832 1061 2863; x_wconf 82' lang='lat' dir='ltr'>and</span> <span class='ocrx_word' id='word_1_564' title='bbox 1076 2832 1110 2863; x_wconf 89' lang='lat' dir='ltr'>in</span> <span class='ocrx_word' id='word_1_565' title='bbox 1126 2832 1248 2869; x_wconf 86' lang='lat' dir='ltr'>Cicero,</span> <span class='ocrx_word' id='word_1_566' title='bbox 1263 2831 1315 2862; x_wconf 88' lang='lat' dir='ltr'>Ad</span> <span class='ocrx_word' id='word_1_567' title='bbox 1331 2831 1421 2862; x_wconf 85' lang='lat' dir='ltr'>Fam.</span> <span class='ocrx_word' id='word_1_568' title='bbox 1437 2831 1492 2862; x_wconf 89' lang='lat' dir='ltr'>vii.</span> <span class='ocrx_word' id='word_1_569' title='bbox 1508 2831 1560 2862; x_wconf 87' lang='lat'>21.</span> <span class='ocrx_word' id='word_1_570' title='bbox 1606 2830 1707 2861; x_wconf 83' lang='lat' dir='ltr'>These</span> <span class='ocrx_word' id='word_1_571' title='bbox 1723 2840 1772 2861; x_wconf 89' lang='lat' dir='ltr'>re-</span> 
     </span>
    </p>
   </div>
  </div>
 </body>
</html>
