1849 3167
143 122 228 165 374
731 123 800 165 IN
831 123 877 165 O.
909 122 1165 164 VERREM

143 241 327 292 potestas
349 241 440 279 erat
460 236 532 279 isti
552 237 718 278 homini
738 237 907 293 integro
929 242 1056 292 atque
1087 236 1306 278 innocenti
1337 237 1436 279 data
1457 242 1517 288 ut,
1540 237 1587 278 in
1608 237 1746 293 Apro-

144 303 266 343 nium
287 318 419 358 quum
439 303 820 352 animadvertisset,
844 318 931 343 sese
953 302 1203 357 gravissima
1224 302 1385 344 levaret
1401 303 1589 344 infamia.
1634 303 1748 349 Quid

145 368 361 424 excogitat
399 369 593 424 poenae?
643 368 748 424 quid
782 367 1160 409 animadversionis
1190 368 1236 408 in
1265 368 1543 423 Apronium?
1622 369 1748 424 Cogit

147 433 411 476 Scandilium
442 434 634 489 Apronio
655 435 707 476 ob
727 434 990 488 singularem
1020 433 1339 488 improbitatem
1368 440 1495 489 atque
1528 435 1748 476 audaciam

146 499 588 555 praedicationemque
620 499 807 540 nefariae
839 499 1049 541 societatis
1082 499 1159 540 HS
1192 499 1218 536 V
1254 501 1458 541 mercedis
1490 515 1538 542 ac
1570 501 1748 555 praemii

152 563 366 620 [nomine]
391 566 503 607 dare.
567 564 681 610 Quid
700 564 908 614 interfuit,
931 565 1057 606 homo
1078 564 1367 615 audacissime,
1389 570 1534 606 utrum
1564 566 1643 607 hoc
1676 567 1746 608 de-

146 645 337 672 cerneres
358 647 412 672 an
432 631 477 671 id.
498 631 610 685 quod
641 629 858 684 Apronius
893 630 1117 672 dictitabat
1149 636 1241 672 tute
1273 631 1325 672 de
1352 636 1395 672 te
1425 632 1670 674 confiterere
1701 648 1748 674 ac

146 695 400 737 dictitares‘?
431 711 557 751 quem
576 694 807 744 hominem,
843 695 879 737 si
911 695 985 751 qui
1019 697 1156 751 pudor
1186 697 1233 737 in
1265 701 1307 738 te
1339 702 1466 752 atque
1496 698 1598 738 adeo
1619 698 1750 753 siqui
1791 690 1795 693 i

146 766 284 803 metus
316 762 474 811 fuisset,
509 761 599 802 sine
631 761 838 816 supplicio
873 762 1088 803 dimittere
1118 778 1205 803 non
1233 762 1427 811 debuisti,
1459 762 1572 804 hunc
1603 764 1676 804 abs
1706 768 1750 805 te

146 826 237 868 sine
257 826 444 881 praemio
465 826 677 867 discedere
697 826 884 868 noluisti.
947 827 1102 869 Omnia
1128 827 1255 869 simul
1286 827 1527 883 intelligere
1559 829 1748 883 potestis,

142 892 321 946 judices,
344 907 396 932 ex
429 891 509 932 hoc
541 906 626 932 uno
659 891 837 932 crimine
867 891 1162 934 Scandiliano:
1194 893 1394 948 primum,
1428 893 1507 935 hoc
1541 909 1628 934 non
1663 909 1750 935 esse

147 957 308 998 Romae
329 962 480 998 natum
501 957 552 998 de
573 957 771 998 societate
791 958 1077 1008 decumarum,
1111 973 1199 999 non
1231 958 1284 999 ab
1316 963 1556 1000 accusatore
1587 959 1749 1009 fictum,

146 1038 246 1073 non,
269 1028 317 1064 ut
338 1023 518 1064 solemus
539 1023 757 1064 interdum
788 1024 835 1064 in
862 1024 1176 1065 defensionibus
1209 1024 1360 1074 dicere,
1394 1025 1555 1066 crimen
1588 1026 1749 1067 domes-

145 1089 280 1130 ticum
296 1104 343 1130 ac
364 1088 653 1139 vernaculum,
675 1104 762 1131 non
783 1105 836 1130 ex
857 1094 1045 1145 tempore
1064 1090 1243 1145 periculi
1271 1089 1337 1131 tui
1366 1090 1655 1139 constitutum,
1680 1092 1752 1132 sed

146 1159 281 1204 vetus,
311 1154 523 1209 agitatum
548 1154 639 1211 jam
674 1160 716 1196 et
747 1160 790 1196 te
822 1161 1015 1210 praetore
1037 1155 1261 1211 jactatum,
1294 1161 1337 1197 et
1368 1170 1455 1197 non
1485 1156 1537 1197 ab
1567 1155 1752 1197 inimicis

146 1219 308 1261 Romae
329 1220 620 1275 compositum,
644 1221 717 1261 sed
746 1220 930 1262 Romam
950 1236 1003 1262 ex
1023 1221 1243 1276 provincia
1272 1221 1553 1276 deportatum.
1615 1220 1753 1262 Simul

146 1286 255 1326 illud
276 1285 464 1341 intelligi
493 1290 632 1340 potest
659 1286 781 1327 istius
802 1287 848 1327 in
868 1285 1110 1341 Apronium
1138 1286 1339 1336 studium,
1373 1285 1557 1341 Apronii
1589 1287 1641 1328 de
1670 1287 1752 1328 isto

145 1366 233 1392 non
253 1351 378 1392 modo
408 1350 613 1392 confessio
639 1366 789 1392 verum
821 1351 951 1392 etiam
983 1352 1337 1393 commemoratio.
1398 1352 1561 1392 Eodem
1590 1351 1753 1393 accedit

146 1418 260 1472 quod
280 1417 359 1458 hoc
380 1432 546 1472 quoque
581 1416 823 1472 intelligere
857 1416 1045 1471 potestis,
1078 1416 1209 1458 istum
1235 1416 1430 1458 statuisse
1457 1417 1503 1457 in
1532 1417 1753 1471 provincia

146 1500 221 1526 sua
243 1483 570 1525 existimationis
591 1499 688 1525 suae
704 1482 916 1539 judicium
942 1487 1064 1523 extra
1087 1483 1303 1524 cohortem
1334 1497 1454 1523 suam
1485 1482 1751 1524 committen-

147 1551 250 1591 dum
270 1549 398 1590 fuisse
418 1549 594 1590 nemini.

204 1615 351 1656 LXII.
383 1615 542 1670 Ecquis
583 1619 646 1656 est
679 1614 815 1671 judex
848 1613 917 1655 cui
946 1629 1034 1655 non
1063 1614 1116 1654 ab
1146 1613 1270 1654 initio
1300 1613 1524 1654 decumani
1563 1613 1754 1654 criminis

146 1696 395 1735 persuasum
415 1681 470 1721 sit
490 1681 622 1721 istum
641 1680 687 1720 in
708 1685 925 1721 aratorum
936 1680 1046 1720 bona
1062 1678 1337 1734 fortunasque
1350 1678 1558 1733 impetum
1573 1678 1719 1720 fecisse
1733 1679 1754 1720 Ρ

150 1747 255 1792 Quis
282 1747 362 1788 hoc
383 1762 469 1788 non
491 1762 543 1788 ex
564 1762 612 1788 eo
634 1746 780 1788 statim
808 1745 1021 1801 judicavit
1053 1746 1167 1800 quod
1198 1745 1363 1786 ostendi
1394 1745 1525 1786 istum
1556 1745 1754 1785 decumas

146 1827 258 1854 nova
297 1813 392 1868 lege
425 1817 552 1868 atque
585 1813 687 1853 adeo
720 1812 840 1853 nulla
874 1812 970 1867 lege
1005 1817 1152 1852 contra
1184 1811 1375 1852 omnium
1406 1810 1754 1851 consuetudinem

148 1883 275 1933 atque
314 1878 512 1919 instituta
552 1877 826 1919 Vendidisse?
896 1877 1060 1918 Verum
1105 1880 1154 1917 ut
1203 1875 1305 1917 istos
1345 1890 1424 1930 ego
1459 1875 1624 1931 judices
1664 1880 1754 1916 tam

149 1959 326 1994 severos,
360 1948 450 1985 tam
484 1943 725 1999 diligentes,
760 1948 849 1984 tam
883 1943 1102 1998 religiosos
1136 1957 1222 1983 non
1254 1942 1466 1990 haberem,
1509 1941 1651 1996 ecquis
1691 1945 1755 1982 est

193 2051 251 2081 HS
270 2047 308 2092 V]
343 2054 364 2068 “
375 2051 482 2091 Vulgo
498 2059 522 2081 V
537 2049 649 2086 millia,
666 2050 722 2080 scd
739 2050 878 2080 ‘millia'
895 2050 929 2080 111

148 2097 289 2134 quatuor
312 2094 498 2124 melioribus
520 2104 585 2124 11011
608 2096 667 2130 est,
691 2103 812 2133 proque
836 2104 872 2123 eo
895 2093 929 2123 in

153 2137 251 2167 l'aris.
265 2138 303 2167 A.
314 2137 431 2167 lineola
441 2137 577 2167 inducta
588 2137 750 2167 numero''
769 2136 929 2177 (Zumpt).

150 2180 249 2210 Klotz
278 2181 337 2210 has
362 2180 446 2210 from
471 2180 501 2210 V
527 2180 604 2210 ‘HS
632 2188 689 2212 100
714 2180 871 2210 mercedis
894 2190 931 2210 ac

149 2223 272 2262 praemi
302 2223 454 2253 nomine.’
499 2223 534 2253 It
563 2223 672 2262 might
701 2223 741 2253 be
771 2222 929 2263 supposed

149 2266 233 2296 from
250 2267 339 2296 what
355 2266 467 2296 Cicero
483 2276 563 2306 says,
581 2266 657 2296 that
673 2265 739 2296 this
755 2266 817 2296 five
832 2266 928 2296 thou-

149 2309 230 2339 sand
247 2309 319 2349 (HS
331 2308 402 2349 100)
420 2320 484 2339 was
499 2319 518 2339 a
533 2309 685 2339 different
701 2319 782 2345 sum,
793 2309 929 2339 because

149 2352 190 2382 he
214 2352 293 2382 adds
314 2356 323 2368 ‘
333 2352 490 2382 mercedis
511 2362 547 2381 ac
563 2351 686 2391 praemi
702 2352 854 2387 nomine,’
869 2352 931 2381 but

149 2395 216 2425 this
240 2405 373 2435 appears
396 2397 431 2425 to
453 2395 493 2424 be
517 2395 591 2435 only
609 2405 651 2424 an
673 2395 848 2425 oratorical
865 2404 930 2424 cm-

148 2438 367 2468 bellislnnent.

193 2479 400 2521 confiterere]
443 2480 512 2510 The
527 2479 663 2519 reading
679 2479 715 2509 of
727 2479 766 2509 V.
810 2479 930 2519 Zumpt

150 2524 215 2554 and
232 2524 352 2554 Iordan
374 2524 456 2554 have
473 2526 483 2539 ‘
493 2522 857 2562 profiterere.'—‘hunc
873 2523 930 2552 abs

149 2569 183 2598 tc
196 2567 214 2597 :'
238 2567 346 2597 Maius
369 2566 432 2596 and
456 2565 623 2596 Brunnius
645 2575 700 2605 say
719 2565 795 2595 that
818 2565 849 2595 V
871 2565 930 2595 has

150 2614 159 2627 ‘
170 2621 256 2640 nunc
267 2611 323 2640 abs
335 2610 391 2646 te,'
402 2609 466 2639 and
479 2608 579 2638 Halm
589 2607 702 2638 thinks
714 2608 790 2638 that
807 2611 816 2624 ‘
826 2608 928 2638 nunc'

148 2653 175 2683 is
202 2664 243 2684 an
268 2653 426 2683 excellent
448 2651 665 2687 emendation,
682 2650 712 2680 if
730 2661 778 2681 wc
798 2651 888 2690 place
911 2661 930 2681 a

150 2697 240 2727 colon
256 2697 365 2727 before
383 2699 391 2713 ‘
403 2694 626 2725 nuncss—-The
642 2693 778 2731 reading
795 2697 804 2709 ‘
815 2704 852 2723 ex
869 2694 929 2724 1100

150 2749 214 2770 11110
231 2739 365 2769 erimine
376 2739 384 2752 ³
406 2739 442 2769 of
460 2738 489 2768 V
504 2748 605 2768 seems
621 2737 730 2767 better
747 2737 829 2767 than
846 2740 855 2753 ‘
866 2747 930 2767 uno

150 2782 306 2819 crimine,'
323 2782 429 2812 which
447 2781 566 2820 Zumpt
582 2781 650 2810 has.

192 2826 313 2855 crimen
339 2825 544 2855 domesticum
572 2823 645 2865 ega]
693 2822 770 2852 This
797 2832 930 2862 appears

149 2870 184 2898 to
200 2868 282 2899 have
297 2868 378 2899 been
399 2878 418 2898 a
437 2877 585 2898 common
605 2866 788 2906 expression
812 2868 848 2896 to
866 2865 929 2906 sig-

973 2049 1042 2090 nify
1064 2059 1150 2080 some
1173 2049 1292 2088 charge
1316 2047 1444 2088 against
1468 2047 1606 2078 another
1628 2049 1687 2087 got
1710 2057 1755 2087 up

973 2093 1016 2133 by
1032 2103 1051 2123 a
1066 2103 1142 2122 man
1158 2092 1192 2122 in
1208 2092 1257 2122 his
1272 2102 1345 2122 own
1361 2091 1470 2127 house,
1481 2092 1540 2121 not
1554 2091 1698 2121 founded
1712 2101 1754 2121 011

974 2136 1136 2166 evidence.

1017 2190 1057 2209 esc
1074 2202 1081 2209 .
1100 2202 1107 2209 .
1125 2202 1132 2209 .
1149 2176 1386 2218 cleportabmn]
1430 2177 1498 2207 The
1513 2176 1649 2217 reading
1665 2176 1702 2207 of
1712 2176 1754 2207 V.

974 2222 1094 2261 Zumpt
1116 2222 1174 2251 has
1199 2225 1207 2238 ‘
1220 2221 1278 2251 dc'
1302 2220 1366 2250 and
1390 2223 1399 2236 ‘
1412 2220 1644 2260 apportatum,'
1669 2220 1753 2249 from

974 2265 1036 2305 Lg.
1053 2266 1105 2294 42.
1151 2264 1218 2294 The
1234 2263 1330 2293 MSS.
1343 2263 1508 2303 generally
1523 2263 1605 2293 have
1623 2266 1631 2279 ‘
1642 2273 1754 2302 expor—

974 2307 1106 2338 tatum.'
1152 2307 1256 2336 There
1280 2306 1306 2335 is
1333 2316 1351 2335 a
1371 2307 1466 2345 great
1489 2305 1616 2346 variety
1639 2306 1673 2335 in
1696 2305 1754 2336 the

974 2350 1126 2389 readings
1137 2350 1302 2379 wherever
1315 2352 1324 2365 ‘
1334 2348 1522 2388 asportare,'
1541 2352 1549 2365 ‘
1559 2349 1754 2388 deportare,'

976 2397 985 2410 ‘
995 2392 1190 2432 exportarc,'
1207 2392 1421 2431 ‘apportares
1439 2402 1527 2422 come
1543 2392 1577 2421 in
1593 2392 1754 2432 question.

976 2435 1046 2466 One
1062 2436 1136 2465 does
1159 2436 1218 2465 not
1241 2435 1359 2475 always
1382 2445 1433 2465 see
1449 2435 1523 2475 why
1540 2445 1600 2465 one
1616 2435 1705 2465 word
1727 2435 1755 2464 is

973 2479 1153 2518 preferable
1183 2480 1218 2508 to
1245 2478 1302 2508 the
1327 2478 1432 2508 other.
1489 2478 1731 2518 ‘Deportatmn
1744 2478 1753 2491 ’

974 2532 1075 2552 seems
1098 2521 1155 2552 the
1176 2521 1268 2562 right
1284 2521 1373 2551 word
1396 2521 1483 2557 here,
1500 2521 1754 2552 notwithstand-

973 2565 1031 2604 ing
1048 2564 1195 2604 Zumpt's
1216 2564 1424 2604 explanation
1447 2565 1484 2594 of
1502 2564 1559 2595 the
1582 2564 1753 2595 difference

973 2608 1121 2638 between
1138 2608 1366 2647 ‘deportatum
1376 2607 1385 2620 ³
1402 2607 1467 2637 and
1483 2611 1492 2624 ‘
1502 2607 1734 2647 exportatum?

1015 2651 1189 2690 provincia
1205 2650 1282 2691 sua]
1310 2654 1318 2667 ‘
1332 2650 1397 2680 Sua
1409 2651 1417 2663 ³
1434 2650 1460 2680 is
1472 2650 1555 2680 from
1568 2650 1608 2680 V.
1633 2650 1754 2689 Zumpt

974 2694 1071 2723 omits
1098 2694 1135 2730 it,
1161 2694 1222 2724 but
1252 2693 1398 2724 remarks
1428 2693 1461 2723 in
1487 2694 1544 2724 the
1570 2693 1752 2732 Appendix,

976 2740 984 2752 ‘
996 2736 1072 2767 Vat.
1089 2739 1127 2767 ut
1143 2737 1242 2777 vulgo
1257 2737 1296 2767 fit
1312 2736 1405 2767 addit
1420 2737 1502 2766 sucu5
1527 2736 1589 2776 Lg.
1602 2738 1643 2766 42
1656 2736 1753 2766 omits

976 2783 984 2796 ‘
995 2780 1073 2810 sua!

1018 2823 1070 2853 62.
1116 2833 1180 2853 non
1215 2821 1393 2863 haberem]
1459 2826 1468 2839 ‘
1479 2822 1555 2853 Non
1592 2820 1752 2857 habeam?

976 2866 1095 2906 Zumpt
1122 2867 1186 2897 and
1212 2866 1331 2897 Iordan
1358 2866 1441 2896 from
1467 2865 1528 2906 Lg.
1553 2866 1595 2896 42
1621 2870 1644 2904 φ
1669 2866 1703 2895 et
1723 2864 1753 2895 V
