1849 3167
134 148 192 188 96
716 148 785 193 ΙΝ
815 148 860 191 C.
892 147 1145 191 VERREM

131 278 199 304 me
229 277 314 304 non
344 262 509 304 fefellit
569 262 682 305 Nam
712 262 892 305 comitiis
913 262 1029 313 meis,
1053 277 1183 318 quum
1203 260 1282 302 iste
1308 260 1477 303 infinita
1496 261 1722 336 largitione

131 336 278 372 contra
308 346 375 371 me
405 334 607 379 uteretur,
639 329 818 385 populus
849 330 1066 371 Romanus
1092 327 1303 384 judicavit
1333 327 1454 370 istius
1486 320 1720 383 pecuniam,

131 412 239 451 quae
270 396 382 451 apud
403 411 470 437 me
491 400 637 437 contra
668 395 795 435 fidem
827 410 964 436 meam
994 394 1104 435 nihil
1133 392 1347 448 potuisset,
1382 394 1493 448 apud
1513 409 1554 434 se
1576 399 1722 435 contra

130 461 333 502 honorem
363 476 504 502 meum
534 460 644 501 nihil
685 476 803 516 posse
845 461 1009 501 debere.
1072 458 1165 505 Quo
1205 459 1376 514 quidem
1415 460 1482 501 die
1521 460 1719 515 primum,

125 526 302 582 judices,
335 526 455 567 citati
484 526 530 567 in
559 527 672 567 hunc
702 541 822 566 reum
851 524 1109 574 consedistis,
1142 524 1235 579 quis
1265 529 1353 565 tam
1387 524 1583 566 inimicus
1623 525 1721 565 huic

130 593 271 634 ordini
311 593 406 642 fuit,
448 593 541 648 quis
582 598 670 633 tam
709 606 915 632 novarum
955 605 1109 639 rerum,
1147 589 1417 646 judiciorum,
1445 591 1722 646 judicumque

129 659 307 714 cupidus
347 658 421 713 qui
459 673 545 699 non
586 661 810 711 conspectu
850 671 1127 710 consessuque
1167 660 1306 696 vestro
1354 655 1721 696 commoveretur?

131 723 273 770 Quum
302 723 348 764 in
378 738 425 764 eo
455 727 594 764 vestra
623 722 811 777 dignitas
840 721 949 761 mihi
979 721 1164 761 fructum
1194 720 1440 776 diligentiae
1467 721 1654 770 referret,
1676 720 1739 761 id*

129 803 222 830 sum
244 793 454 829 assecutus
475 793 522 828 ut
543 802 627 828 una
648 787 752 828 hora
772 802 857 841 qua
877 786 996 840 coepi
1016 786 1154 826 dicere
1187 801 1257 827 reo
1290 786 1448 836 audaci,
1482 785 1718 841 pecunioso,

128 855 309 910 profuso,
332 853 508 909 perdito,
531 868 648 908 spem
662 852 815 907 judicii
845 851 1139 906 corrumpendi
1168 851 1475 906 praeciderem;
1506 856 1554 892 ut
1583 851 1720 906 primo

128 921 197 961 die
228 919 401 961 testium
430 924 549 960 tanto
579 933 754 959 numero
785 918 913 958 citato
942 917 1121 972 populus
1152 916 1369 958 Romanus
1394 917 1604 973 judicaret
1639 916 1720 958 isto

128 985 318 1026 absoluto
339 1000 427 1025 rem
449 984 662 1039 publicam
683 988 792 1024 stare
813 998 899 1023 non
919 997 1038 1037 posse
1058 998 1067 1033 ;
1099 987 1147 1023 ut
1177 982 1284 1023 alter
1314 982 1402 1023 dies
1433 982 1577 1023 amicis
1598 982 1719 1023 istius

128 1066 176 1092 ac
207 1050 494 1091 defensoribus
524 1064 609 1090 non
638 1049 761 1090 modo
793 1064 909 1104 spem
949 1048 1150 1089 victoriae
1190 1049 1262 1089 sed
1297 1048 1425 1089 etiam
1456 1048 1719 1090 voluntatem

127 1115 383 1157 defensionis
414 1115 622 1166 auferret3
654 1120 703 1155 ut
733 1115 884 1155 tertius
915 1114 1003 1155 dies
1034 1113 1092 1155 sic
1123 1113 1339 1155 hominem
1359 1119 1641 1169 prosterneret
1670 1118 1719 1154 ut

126 1182 272 1223 morbo
302 1180 500 1222 simulato
529 1195 614 1221 non
645 1179 1048 1235 quidresponderet
1079 1179 1150 1220 sed
1174 1180 1525 1234 quemadmodum
1547 1194 1632 1220 non
1652 1194 1716 1220 re-

127 1248 351 1302 sponderet
381 1246 634 1287 deliberaret
651 1261 660 1296 3
694 1245 845 1286 deinde
875 1244 1049 1300 reliquis
1080 1245 1239 1294 diebus,
1272 1244 1338 1286 his
1369 1245 1629 1295 criminibus,
1651 1245 1719 1286 his

127 1312 302 1353 testibus
333 1316 375 1352 et
404 1311 577 1352 urbanis
608 1316 650 1352 et
679 1310 1009 1365 provincialibus
1042 1310 1100 1351 sic
1133 1311 1306 1351 obrutus
1340 1316 1466 1365 atque
1498 1325 1718 1365 oppressus

125 1382 188 1418 est
209 1382 256 1418 ut
276 1376 342 1418 his
363 1376 559 1417 ludorum
580 1375 724 1417 diebus
745 1375 1004 1430 interpositis
1019 1390 1142 1416 nemo
1157 1375 1288 1416 istum
1303 1375 1718 1430 comperendinatum

125 1442 197 1483 sed
218 1442 543 1483 condemnatum
558 1440 780 1496 judicaret.

183 1507 315 1548 VIII.
352 1506 618 1561 Quapropter
648 1521 726 1561 ego
756 1505 868 1560 quod
898 1505 952 1546 ad
980 1520 1047 1546 me
1078 1504 1245 1555 attinet,
1273 1505 1448 1561 judices,
1481 1505 1588 1547 vici:
1630 1521 1718 1548 non

124 1573 239 1614 enim
260 1572 391 1628 spolia
413 1571 458 1613 C.
481 1571 628 1613 Verris
649 1571 721 1612 sed
742 1570 1097 1612 existimationem
1117 1570 1262 1626 populi
1283 1570 1466 1612 Romani
1481 1571 1715 1626 concupivi.

124 1637 271 1679 Meum
301 1638 382 1679 fuit
412 1653 509 1679 cum
538 1653 661 1679 causa
691 1637 885 1678 accedere
915 1637 969 1677 ad
999 1637 1303 1677 accusandum:
1336 1652 1442 1691 quae
1482 1652 1605 1678 causa
1634 1637 1717 1678 fuit

123 1703 338 1745 honestior
373 1718 501 1758 quam
532 1718 556 1744 a
589 1708 678 1743 tam
711 1702 869 1746 illustri
902 1701 1120 1757 provincia
1147 1701 1410 1743 defensorem
1442 1702 1643 1743 constitui
1674 1711 1717 1743 et

123 1769 289 1824 deligi?
310 1769 371 1809 rei
386 1768 578 1824 publicae
592 1768 806 1809 consulere
823 1783 831 1809 :
855 1767 958 1822 quid
979 1765 1194 1823 [tandem]
1212 1767 1273 1808 rei
1288 1767 1483 1822 publicae
1498 1759 1716 1809 honestius

123 1849 250 1889 quam
270 1834 315 1875 in
336 1839 456 1875 tanta
476 1834 638 1875 invidia
654 1834 912 1889 judiciorum
932 1833 1139 1874 adducere
1159 1833 1374 1874 hominem
1399 1833 1518 1889 cujus
1541 1833 1714 1874 damna-

122 1899 237 1941 tione
257 1905 370 1941 totus
392 1900 492 1941 ordo
514 1915 609 1941 oum
630 1899 784 1954 populo
805 1899 997 1940 Romano
1019 1904 1060 1939 et
1082 1898 1127 1939 in
1148 1898 1271 1940 laude
1292 1903 1334 1940 et
1353 1898 1399 1939 in
1421 1898 1559 1954 gratia
1578 1904 1717 1954 posset

122 1966 243 2007 esse?
273 1966 489 2007 ostendere
511 1981 558 2007 ac
578 1966 828 2020 persuadere
849 1964 1064 2005 hominem
1094 1973 1314 2006 nocentem
1344 1964 1573 2005 adductum
1603 1979 1714 2006 esse:

122 2031 216 2086 quis
237 2036 299 2072 est
319 2031 364 2072 in
384 2031 538 2086 populo
560 2031 753 2072 Romano
773 2030 848 2086 qui
868 2030 946 2071 hoc
967 2044 1054 2071 non
1075 2045 1128 2070 ex
1143 2029 1282 2085 priore
1299 2029 1464 2071 actione
1480 2029 1714 2087 abstulerit,

165 2154 199 2183 in
214 2154 296 2184 laune
310 2164 398 2183 reum
414 2152 629 2193 consedistisfl
677 2153 753 2183 This
762 2163 836 2193 may
851 2153 892 2183 be
978 2153 1008 2183 8.
1032 2162 1102 2181 eum
1125 2152 1243 2193 eausa]
1291 2155 1300 2168 ‘
1311 2151 1371 2182 Cui
1386 2152 1433 2182 rei
1449 2152 1649 2183 contrarium
1665 2154 1715 2183 est

122 2197 292 2237 compared
322 2197 402 2226 with
438 2200 447 2213 ‘
459 2196 583 2226 exirent
613 2196 647 2225 in
677 2207 751 2226 eum
781 2207 872 2226 reum
882 2196 891 2209 '
935 2195 1004 2225 sine
1019 2195 1142 2231 causa?
1159 2195 1323 2225 Asconius
1363 2199 1371 2211 ‘
1383 2195 1457 2225 Sine
1473 2206 1567 2225 causa
1577 2195 1586 2208 ³
1602 2206 1714 2226 occurs

122 2240 195 2270 Aet.
212 2240 232 2269 i.
249 2250 275 2269 c.
293 2241 344 2275 13,
368 2239 431 2269 and
455 2239 507 2268 ‘in
529 2249 602 2269 euin
619 2239 744 2279 judices
768 2238 891 2269 essent’
936 2240 971 2268 at
997 2238 1054 2268 the
1081 2238 1143 2268 end
1167 2238 1204 2268 of
1224 2238 1289 2268 this
1314 2238 1458 2277 chapter.
1504 2238 1615 2268 Cicero
1642 2249 1714 2279 says

123 2283 194 2313 Lib.
212 2284 240 2313 2.
258 2293 284 2313 c.
301 2282 353 2314 73.
940 2281 1002 2321 (De
1019 2280 1074 2310 Or.
1091 2281 1124 2310 ii.
1140 2280 1207 2321 60),
1225 2285 1245 2297 “
1258 2281 1342 2320 quod
1358 2291 1414 2310 nos
1431 2291 1503 2310 cum
1525 2291 1620 2311 causa
1635 2282 1712 2312 dici-

164 2324 349 2365 conspeetu]
364 2324 523 2364 ‘aspectu'
538 2324 617 2354 G12
632 2337 645 2355 ς
663 2324 714 2364 Lg
724 2325 784 2355 29:
802 2328 894 2354 ‘con-
938 2334 1019 2359 mim,
1037 2323 1083 2353 illi
1099 2323 1166 2354 sine
1182 2323 1310 2354 causa.”
1356 2324 1413 2354 See
1429 2324 1503 2354 Act.
1519 2324 1552 2354 ii.
1569 2326 1599 2354 4.
1616 2335 1643 2355 c.
1659 2326 1711 2362 51,

121 2369 251 2409 spectu'
268 2368 331 2399 dtt.
377 2368 435 2398 See
451 2368 514 2397 Pro
538 2367 678 2403 Plancio,
702 2378 728 2397 c.
746 2368 775 2403 1,
800 2370 809 2383 ‘
822 2377 894 2397 con·
938 2368 1024 2397 note.

120 2415 248 2452 spectus
274 2414 307 2441 et
334 2410 515 2441 consessus!
561 2410 679 2440 Iordan
706 2410 795 2450 truly
821 2420 892 2450 says
980 2409 1020 2439 In
1049 2409 1139 2449 place
1168 2409 1206 2439 of
1232 2409 1386 2449 ‘justior,'
1414 2408 1540 2440 Orelli’s
1566 2410 1712 2451 reading,

122 2459 142 2472 ‘⁶
154 2455 233 2485 solet
256 2456 365 2484 autem
389 2453 499 2484 Cicero
514 2453 612 2483 verba
634 2453 673 2483 ab
696 2453 807 2483 iisdem
830 2453 891 2493 syl·
937 2452 1055 2492 Zumpt
1071 2452 1135 2482 and
1152 2452 1270 2482 Iordau
1286 2452 1367 2482 have
1384 2452 1588 2483 ‘honestior.'

119 2498 200 2528 labis
225 2497 412 2537 incipientia
436 2496 656 2536 eomponere,''
682 2496 746 2526 and
771 2497 827 2536 yet
852 2496 892 2526 he
980 2498 989 2512 ‘
1002 2492 1088 2531 Qui‘d
1123 2495 1255 2525 tandem
1292 2495 1339 2525 rei
1375 2496 1543 2535 publieae,'
1581 2497 1711 2537 Zumpt.

119 2542 227 2572 writes
245 2544 253 2557 ¹
265 2539 417 2580 aspectu.'
938 2542 947 2555 ‘
960 2538 1045 2574 Quid
1062 2538 1131 2578 jam
1143 2537 1152 2550 ³
1169 2538 1235 2573 &Q
1259 2537 1424 2568 Oi·eui.m‘
1434 2539 1511 2578 quid
1532 2541 1600 2569 tam
1623 2550 1640 2570 e
1661 2550 1710 2570 re-

161 2595 228 2614 una
243 2584 326 2614 hora
343 2606 350 2613 .
368 2606 375 2613 .
394 2606 400 2612 .
418 2581 539 2622 dicere]
574 2585 583 2598 ‘
596 2581 711 2612 within
734 2592 793 2612 one
808 2581 891 2611 hour
935 2581 1063 2621 publiea
1075 2581 1192 2620 quam,'
1206 2581 1366 2622 Madvig’s
1379 2582 1567 2619 correction,
1580 2583 1709 2613 Iordan.

119 2628 203 2658 after
231 2627 246 2657 I
270 2627 374 2665 began
396 2628 431 2656 to
457 2624 576 2665 speak.’
621 2624 730 2664 Comp.
758 2625 831 2654 Aet.
858 2624 890 2653 ii.
936 2624 987 2653 All
1024 2624 1078 2654 the
1117 2624 1210 2653 MSS.
1242 2625 1347 2654 retain
1387 2628 1395 2641 ‘
1407 2625 1594 2655 honestius.’
1640 2626 1709 2656 The

120 2671 190 2701 Lib.
209 2672 237 2700 2.
255 2680 280 2699 c,
298 2671 349 2705 15,
368 2673 375 2685 ‘
388 2669 499 2699 diebus
515 2679 576 2698 xxx
594 2691 601 2698 .
619 2691 625 2697 .
644 2691 650 2697 .
668 2667 804 2707 quibus,³
828 2667 891 2697 and
936 2677 1024 2697 error
1040 2667 1096 2697 lies
1112 2667 1145 2696 in
1162 2667 1218 2697 the
1234 2668 1323 2697 word
1338 2668 1485 2698 between
1509 2672 1517 2685 ‘
1530 2669 1627 2709 quid’
1645 2669 1710 2699 and

119 2714 244 2749 Caesar,
263 2713 299 2742 B.
317 2712 355 2743 G.
372 2712 416 2742 iii.
433 2714 484 2747 23,
501 2711 542 2741 iv.
560 2712 609 2741 18.
934 2713 943 2726 ‘
954 2710 1022 2740 rei.²

162 2757 223 2786 islo
241 2755 403 2795 ahs-olum]
437 2755 503 2785 The
520 2753 697 2784 correction
712 2753 748 2783 of
760 2753 888 2792 Zumpt.
984 2763 1022 2782 8oe
1052 2752 1167 2792 priore
1202 2753 1327 2784 actione
1365 2753 1564 2794 abstulerit]
1627 2754 1708 2784 ‘has

118 2800 185 2830 The
211 2799 303 2829 MSS.
334 2799 414 2829 have
442 2798 549 2838 ‘ipso.'
595 2797 661 2827 The
691 2799 756 2827 two
787 2796 888 2826 words
932 2795 1061 2826 learned
1091 2806 1126 2825 or
1156 2796 1373 2833 understood,’
1400 2808 1441 2827 an
1468 2797 1648 2837 expression
1675 2797 1713 2826 of

117 2853 171 2873 are
188 2843 277 2873 often
293 2841 493 2873 confounded
507 2841 541 2871 in
561 2840 618 2871 the
633 2839 727 2870 MSS.
774 2842 782 2856 ‘
794 2838 889 2879 Ipso,'
933 2839 1084 2879 ordinary
1100 2839 1164 2874 life,
1182 2850 1215 2869 as
1239 2840 1357 2880 Zumpt
1380 2840 1534 2871 remarks.
1580 2840 1638 2871 See
1654 2850 1706 2870 ex-

117 2885 215 2917 Orell.
933 2882 1052 2922 amples
1068 2882 1101 2912 in
1118 2882 1298 2913 Forcellini.
