1849 3167
108 135 193 177 236
690 132 759 175 IN
791 132 836 174 O.
868 131 1121 175 VERREM

112 249 148 289 si
178 248 270 289 fieri
298 251 437 303 posset
466 261 557 288 rem
581 246 817 303 judicatam
847 261 933 287 non
952 246 1200 287 rescindere.
1262 244 1448 301 Sopater,
1471 262 1604 303 quum
1623 246 1702 288 1100

109 314 175 354 1111
208 312 486 368 improvisum
520 317 646 367 atque
677 312 944 365 inopinatum
974 310 1204 360 accidisset,
1237 316 1467 353 commotus
1497 317 1559 353 est
1590 327 1701 362 sanc,

110 394 248 434 neque
286 378 332 418 in
371 378 609 432 praesentia
640 376 900 417 Timarchidi
931 375 1034 430 quid
1069 376 1339 430 responderet
1368 377 1518 418 habuit
1547 378 1630 418 nisi
1661 393 1703 418 se

111 444 475 485 consideraturum
515 442 618 497 quid
657 441 737 482 sibi
777 441 829 480 de
869 455 916 480 ea
956 455 1001 480 re
1042 446 1149 481 esset
1188 441 1453 483 faciendum:
1495 448 1537 483 et
1576 442 1702 483 simul

110 509 295 550 ostendit
322 524 364 549 80
391 509 437 549 111
464 523 627 549 summa
654 505 901 546 difficultate
929 521 1015 546 esse
1039 506 1290 546 nummaria.
1351 506 1452 548 Post
1473 508 1526 548 ad
1547 507 1701 548 amicos

109 574 289 623 rettulit,
332 573 406 628 qui
445 587 579 627 quum
619 571 657 612 ei
692 570 871 611 fuissent
911 575 1100 612 auctores
1139 571 1408 612 redimendae
1448 572 1607 621 salutis,
1650 573 1704 612 ad

110 638 424 680 Timarchidem
444 637 585 678 venit:
619 635 820 690 expositis
848 635 933 676 suis
961 635 1281 677 difficultatibus
1309 636 1526 678 hominem
1553 638 1607 678 ad
1627 636 1703 678 HS

109 718 230 746 Lxxx
250 702 453 758 perducit,
477 715 652 755 eamque
673 700 711 741 ei
732 700 955 755 pecuniam
975 705 1184 742 numerat.

166 768 336 809 XXIX.
369 768 658 821 Posteaquam
678 766 732 806 ad
758 781 928 806 causam
954 766 1177 807 dicendam
1196 770 1373 807 ventum
1394 771 1468 816 est,
1490 771 1584 808 tum
1604 782 1703 808 vero

109 835 198 877 sine
238 838 367 882 metu,
410 833 499 873 sine
539 846 640 873 cura
678 845 823 872 omnes
864 835 986 872 erant
1026 831 1100 886 qui
1141 831 1367 886 Sopatrum
1406 831 1701 873 defendebant.

110 899 281 940 Crimen
311 898 479 939 nullum
509 901 623 938 erat:
661 911 727 937 res
763 895 895 952 [erat]
925 896 1140 952 judicata:
1177 896 1332 938 Verres
1361 912 1556 937 nummos
1588 912 1705 938 acce-

107 969 240 1020 perat.
304 963 408 1009 Quis
440 967 579 1017 posset
619 962 813 1003 dubitare
845 962 1051 1017 quidnam
1086 966 1193 1003 esset
1228 961 1454 1003 futurum?
1513 961 1599 1002 Res
1629 961 1704 1002 illo

108 1030 176 1070 die
216 1044 302 1069 non
337 1033 582 1083 peroratur:
624 1027 858 1068 dimittitur
892 1027 1115 1083 judicium.
1183 1027 1349 1068 Iterum
1388 1027 1442 1067 ad
1476 1026 1705 1081 Sopatrum

108 1094 397 1135 Timarchides
418 1093 560 1134 venit:
594 1092 654 1133 ait
685 1097 944 1134 accusatores
972 1093 1061 1148 ejus
1088 1092 1222 1133 multo
1249 1092 1452 1147 majorem
1481 1091 1704 1146 pecuniam

107 1160 293 1214 praetori
320 1158 511 1213 polliceri
538 1173 666 1213 quam
690 1163 895 1213 quantam
915 1158 986 1199 hic
1007 1158 1215 1208 dedisset3
1246 1158 1436 1213 proinde,
1460 1157 1496 1198 si
1525 1160 1702 1211 saperet,

107 1225 271 1266 videret
287 1225 391 1279 quid
406 1224 486 1265 sibi
500 1228 606 1264 esset
620 1222 873 1264 faciendum.
922 1223 1076 1273 Homo,
1095 1238 1353 1278 quamquam
1374 1227 1465 1263 erat
1481 1226 1522 1263 et
1539 1221 1704 1262 Siculus

108 1295 150 1331 et
181 1305 288 1339 reus,
321 1289 400 1330 1100
431 1294 506 1338 est,
539 1293 580 1329 et
605 1289 704 1343 jure
733 1289 881 1343 iniquo
911 1294 954 1330 et
985 1294 1174 1344 tempore
1202 1289 1389 1337 adverso,
1421 1287 1531 1327 ferre
1560 1291 1705 1327 tamen

108 1360 235 1410 atque
256 1354 402 1396 audire
424 1354 582 1395 diutius
604 1353 917 1395 Timarchidem
937 1369 1023 1395 non
1042 1354 1205 1409 potuit:
1238 1353 1397 1402 Facite,
1415 1351 1568 1406 inquit,
1591 1351 1705 1405 quod

112 1419 272 1476 [vobis]
298 1421 414 1470 libet,
437 1421 611 1461 daturus
630 1434 717 1460 non
738 1435 831 1460 sum
853 1419 1047 1474 amplius.
1109 1419 1315 1472 Idemque
1340 1418 1420 1458 hoc
1448 1417 1593 1458 amicis
1614 1416 1704 1471 ejus

107 1490 150 1526 et
171 1485 457 1526 defensoribus
479 1484 725 1525 Videbatur:
759 1489 885 1539 atque
906 1499 954 1525 eo
975 1484 1104 1525 etiam
1130 1483 1269 1538 magis
1289 1483 1403 1537 quod
1422 1482 1514 1531 iste,
1537 1496 1704 1536 quoquo

107 1551 231 1591 modo
262 1566 304 1591 se
335 1550 380 1590 in
418 1565 466 1591 ea
502 1549 747 1604 quaestione
784 1551 1025 1604 praebebat,
1057 1549 1104 1590 in
1140 1548 1314 1590 consilio
1343 1552 1487 1589 tamen
1521 1547 1704 1588 habebat

105 1615 298 1656 homines
320 1616 515 1656 honestos
537 1630 559 1656 e
587 1619 799 1656 conventu
823 1614 1098 1670 Syracusano,
1122 1614 1196 1669 qui
1224 1613 1439 1654 Sacerdoti
1467 1627 1632 1667 quoque
1657 1611 1705 1652 in

106 1680 280 1721 consilio
311 1680 479 1720 fuerant
509 1685 603 1720 tum
633 1696 765 1735 quum
796 1685 858 1721 est
888 1679 1002 1720 idem
1032 1679 1101 1720 hic
1124 1678 1300 1733 Sopater
1321 1678 1547 1719 absolutus.
1608 1676 1703 1718 Hoc

105 1745 281 1786 rationis
308 1745 533 1794 habebant,
568 1745 705 1786 facere
737 1760 805 1786 eos
829 1745 947 1786 nullo
974 1745 1098 1785 modo
1130 1759 1249 1799 posse
1276 1748 1324 1784 ut
1351 1744 1496 1784 eodem
1527 1741 1704 1783 crimine

104 1809 254 1850 iisdem
281 1810 458 1851 testibus
489 1809 715 1865 Sopatrum
742 1811 1072 1851 condemnarent
1096 1809 1227 1850 iidem
1255 1809 1447 1849 homines
1474 1808 1549 1863 qui
1580 1812 1705 1848 antea

105 1874 394 1916 absolvissent.
457 1875 610 1930 Itaque
630 1876 709 1916 hac
730 1891 816 1916 una
837 1890 908 1930 spe
930 1875 983 1916 ad
999 1874 1210 1930 judicium
1229 1874 1414 1915 venitur.
1477 1873 1570 1919 Quo
1590 1876 1704 1927 post-

106 1955 283 1995 eaquam
313 1945 488 1981 ventum
519 1946 593 1990 est,
626 1955 758 1995 quum
793 1940 840 1981 in
874 1940 1098 1981 consilium
1132 1939 1375 1994 frequentes
1410 1938 1703 1980 convenissent

104 2005 235 2046 iidem
256 2005 329 2060 qui
351 2005 553 2055 solebant,
569 2011 610 2046 et
630 2006 710 2046 hac
732 2003 858 2061 [una]
879 2020 951 2060 spe
972 2009 1062 2046 tota
1083 2004 1270 2045 defensio
1292 2003 1460 2058 Sopatri
1480 2004 1702 2052 niteretur,

105 2070 272 2111 consilii
302 2070 541 2125 frequentia
571 2075 613 2111 et
644 2070 868 2125 dignitate,
891 2075 933 2111 et
964 2070 1075 2125 quod
1106 2074 1239 2119 erant,
1262 2074 1310 2110 ut
1340 2069 1443 2118 dixi,
1470 2069 1600 2110 iidem
1629 2067 1705 2123 qui

106 2139 230 2175 antea
252 2134 477 2189 Sopatrum
507 2136 653 2177 eodem
682 2135 757 2177 illo
782 2135 959 2176 crimine
989 2135 1235 2183 liberarant,
1258 2133 1497 2188 cognoscite
1517 2132 1702 2173 hominis

106 2204 296 2254 apertam
327 2214 373 2240 ac
402 2215 489 2240 non
518 2201 641 2242 modo
671 2215 758 2241 non
788 2200 951 2241 ratione
982 2200 1054 2241 sed
1083 2215 1137 2240 ne
1167 2198 1502 2240 dissimulatione
1532 2196 1705 2251 quidem

107 2268 263 2305 tectam
292 2263 606 2318 improbitatem
637 2270 679 2306 et
710 2266 941 2307 audaciam.
1002 2264 1064 2305 M.
1087 2263 1303 2313 Petilium,
1330 2263 1516 2317 equitem
1545 2262 1701 2303 Roma-

107 2388 265 2414 eommon,
282 2388 361 2407 even
377 2377 411 2407 in
426 2378 483 2408 the
497 2378 569 2408 best
585 2379 691 2415 MSS„
708 2380 783 2410 that
806 2379 833 2410 it
856 2379 883 2409 is

107 2433 127 2452 a
149 2432 227 2462 very
254 2421 346 2450 small
373 2421 552 2450 correction
579 2424 613 2451 to
640 2422 704 2452 add
729 2423 767 2458 it,
795 2432 881 2462 espe-

108 2465 203 2504 cially
220 2474 253 2494 as
270 2474 317 2493 we
333 2473 383 2493 see
399 2464 474 2493 that
491 2464 547 2493 the
563 2466 641 2494 next
658 2465 747 2494 word
769 2465 883 2505 begins

108 2508 190 2537 with
206 2510 302 2536 m.—-‘
315 2507 354 2536 (10
379 2516 416 2536 ea
441 2517 476 2536 re
491 2507 508 2536 :³
544 2517 606 2536 0111.
634 2507 695 2547 Lg.
719 2509 760 2537 42
783 2519 815 2547 p.
838 2518 881 2537 m.

109 2550 156 2586 M,
174 2550 237 2580 111111
255 2549 384 2579 Iordan.

152 2594 187 2623 in.
198 2591 410 2632 praesentia]
459 2592 517 2622 See
533 2591 605 2621 Lib.
622 2593 652 2622 3.
670 2602 696 2622 (¹.
710 2593 739 2622 1.

152 2637 203 2666 29.
229 2636 306 2675 [[1ιὶῑί
328 2635 390 2665 sibi
417 2637 499 2664 esset
514 2635 736 2675 faciendum]
786 2635 884 2666 Klotz

109 2679 173 2709 and
198 2679 317 2708 Iordan
343 2678 424 2708 omit
450 2678 540 2708 these
564 2678 688 2708 words:
714 2678 778 2708 and
804 2679 882 2719 they

109 2732 164 2752 are
188 2721 326 2751 omitted
352 2721 386 2750 in
403 2720 463 2760 Lg.
485 2723 526 2751 42
542 2732 573 2761 p.
589 2731 632 2750 m.
649 2720 674 2750 F
691 2721 737 2750 M.
784 2720 883 2751 Gara-

108 2765 179 2795 toni
195 2775 310 2803 arguesv
326 2764 401 2793 that
417 2774 450 2793 as
466 2764 556 2794 these
579 2764 683 2793 words
706 2774 759 2793 are
775 2766 833 2794 not
849 2764 883 2794 in

109 2808 167 2838 the
183 2808 253 2837 best
270 2806 376 2842 MSS„
394 2806 470 2847 they
488 2818 541 2837 are
557 2808 615 2837 not
627 2817 805 2847 necessary,
819 2807 883 2836 and

109 2851 185 2882 that
202 2849 366 2890 ‘proinde
393 2849 418 2879 si
443 2852 579 2890 saperet,
606 2849 753 2886 videret,’
777 2850 803 2880 is
825 2849 882 2880 the

926 2379 998 2409 best
1013 2378 1097 2408 form
1113 2377 1150 2407 of
1160 2377 1351 2417 expression,
1378 2377 1442 2407 and
1463 2378 1539 2408 that
1564 2377 1606 2407 all
1630 2387 1703 2407 cau-

926 2422 997 2452 tion
1023 2421 1049 2451 is
1076 2420 1249 2451 contained
1274 2420 1308 2450 in
1334 2421 1391 2450 the
1418 2421 1507 2451 word
1534 2420 1703 2450 ‘videret.’

927 2464 1003 2494 This
1034 2464 1060 2493 is
1086 2466 1171 2499 true,
1201 2463 1263 2493 but
1294 2463 1405 2494 Cicero
1434 2474 1509 2504 may
1532 2464 1599 2493 still
1621 2463 1703 2493 have

926 2507 1061 2537 written
1087 2507 1144 2536 the
1162 2506 1277 2542 words,
1299 2507 1363 2536 and
1387 2507 1403 2536 Ι
1427 2507 1524 2536 think
1546 2507 1622 2537 that
1645 2506 1703 2536 the

927 2552 1000 2580 text
1023 2550 1049 2579 is
1079 2549 1189 2579 better
1218 2549 1299 2579 xw'th
1330 2550 1421 2579 them
1450 2550 1532 2580 than
1562 2549 1703 2579 without

928 2593 1030 2629 them,
1046 2592 1096 2622 for
1112 2592 1191 2632 they
1208 2602 1262 2622 are
1278 2592 1336 2622 thc
1360 2603 1438 2633 very
1465 2593 1569 2623 words
1596 2591 1703 2622 which

930 2636 1066 2675 Sopater
1081 2635 1145 2664 111111
1161 2635 1249 2671 used,
1267 2646 1294 2665 (¹.
1311 2637 1362 2666 28.

1098 2678 1292 2718 absolutus]
1341 2679 1443 2708 ‘esset
1464 2701 1471 2708 .
1490 2701 1497 2708 .
1521 2678 1703 2709 absolutus’

1084 2721 1151 2751 The
1168 2721 1337 2761 imperfect
1355 2721 1615 2757 ‘absolveretur,’
1632 2731 1704 2762 says

973 2680 1021 2708 est
1038 2701 1045 2708 .
1063 2701 1070 2708 .

929 2720 1039 2751 Orelli.

928 2764 1060 2803 Zumpt,
1085 2764 1193 2803 might
1217 2765 1257 2794 be
1280 2764 1434 2800 endured,
1458 2764 1519 2794 but
1543 2767 1647 2795 ‘esset
1665 2787 1672 2794 .
1695 2787 1702 2794 .

927 2807 1092 2837 absolutus
1106 2807 1114 2819 ’
1130 2807 1156 2837 is
1173 2810 1325 2847 contrary
1341 2809 1376 2837 to
1392 2807 1448 2837 the
1464 2817 1563 2837 sense.
1596 2807 1659 2837 Yet
1674 2807 1703 2838 it

926 2849 953 2880 18
968 2849 1026 2880 the
1041 2850 1176 2890 reading
1191 2852 1305 2890 except
1321 2850 1355 2880 111
1371 2850 1432 2889 Lg.
1448 2851 1490 2880 42
1505 2861 1536 2890 p.
1552 2860 1595 2880 111.
1612 2850 1660 2880 Μ.
