1849 3167
143 98 227 139 498
731 98 801 141 IN
833 99 878 140 O.
912 96 1168 141 VERREM

143 217 271 268 atque
292 212 545 268 oppidorum
565 228 653 255 esse
673 212 799 265 facta,
814 219 863 256 ut
883 213 1062 270 posteris
1082 211 1239 255 nostris
1259 219 1537 257 monumenta
1557 215 1757 271 religiosa

143 293 232 320 esse
252 279 492 320 videantur.

201 343 339 386 XLV.
370 344 531 386 Audite
552 345 682 387 etiam
703 344 966 399 singularem
987 344 1090 400 ejus,
1109 344 1288 400 judices,
1312 345 1603 401 cupiditatem,
1627 346 1755 388 auda-

145 408 268 460 ciam,
291 411 523 452 amentiam
543 411 589 452 in
611 411 677 451 his
703 409 955 465 praesertim
983 410 1112 451 sacris
1133 410 1375 465 polluendis
1396 426 1504 466 quae
1524 427 1611 453 non
1631 412 1756 453 modo

144 476 342 518 manibus
363 477 522 532 attingi
543 477 615 518 sed
641 491 695 516 110
716 475 975 530 cogitatione
1000 475 1173 530 quidem
1194 476 1346 518 violari
1367 476 1431 518 fas
1452 476 1547 518 fuit.
1609 476 1754 518 Sacra-

145 541 259 583 rium
281 541 445 584 Cereris
469 547 532 584 est
556 541 669 596 apud
691 540 939 582 Catinenses
962 542 1110 583 eadem
1139 541 1348 597 religione
1369 557 1453 598 qua
1474 542 1648 592 Romae,
1672 558 1757 598 qua

145 607 192 649 111
214 608 364 649 ceteris
393 607 507 657 locis,
530 622 614 662 qua
644 621 775 662 prope
801 606 848 647 in
877 611 967 648 toto
995 607 1095 648 orbe
1123 612 1347 648 terrarum.
1409 607 1466 649 In
1496 623 1544 650 eo
1575 608 1756 666 sacrario

145 673 299 715 intimo
315 673 486 729 signum
502 672 585 713 fuit
603 671 768 713 Cereris
788 672 1105 727 perantiquum,
1123 673 1237 728 quod
1257 673 1342 715 viri
1362 688 1448 715 non
1469 674 1594 715 modo
1616 674 1680 730 cuj
1688 689 1755 715 us-

145 738 262 779 modi
282 744 389 779 esset
414 738 487 779 sed
516 753 570 779 ne
592 753 680 779 esse
701 738 875 794 quidem
905 738 1120 780 sciebant:
1154 739 1295 780 aditus
1325 739 1441 781 enim
1470 739 1516 781 111
1546 740 1593 781 id
1622 755 1757 782 sacra-

144 803 258 845 rium
287 819 373 845 non
394 808 457 845 est
477 803 605 854 Viris;
638 819 756 845 sacra
785 819 863 859 per
891 803 1091 845 mulieres
1122 819 1170 846 ac
1201 804 1392 860 virgines
1423 805 1574 847 confici
1604 805 1754 851 solent.

144 868 240 910 Hoc
271 869 445 924 signum
474 874 604 911 noctu
634 869 746 911 clam
782 869 905 911 istius
942 869 1054 911 servi
1085 885 1138 911 ex
1175 870 1250 912 1110
1281 870 1599 926 religiosissimo
1630 877 1757 927 atque

145 934 442 990 antiquissimo
472 935 564 976 loco
594 936 871 978 sustulerunt.
932 935 1147 978 Postridie
1175 938 1412 979 sacerdotes
1434 937 1599 979 Cereris
1629 942 1757 993 atque

143 1000 260 1042 illius
291 1001 382 1042 fani
412 1001 643 1052 antistitae,
676 1001 857 1058 majores
887 1007 1006 1052 natu,
1039 1002 1242 1057 probatae
1272 1018 1320 1044 ac
1350 1003 1514 1045 nobiles
1544 1003 1756 1053 mulieres,

143 1082 234 1108 rem
256 1067 309 1108 ad
329 1067 607 1123 magistratus
638 1083 732 1110 suos
763 1067 974 1109 deferunt.
1037 1067 1246 1110 Omnibus
1277 1070 1490 1119 acerbum,
1512 1069 1756 1125 indignum,

143 1132 385 1174 luctuosum
414 1133 598 1189 denique
628 1134 865 1176 videbatur.
928 1134 1037 1176 Tum
1068 1135 1147 1176 iste
1178 1140 1396 1190 permotus
1426 1135 1501 1176 illa
1536 1135 1758 1176 atrocitate

143 1198 308 1253 negotii
328 1204 376 1239 ut
397 1199 450 1240 ab
471 1215 514 1240 se
535 1200 705 1241 sceleris
725 1200 842 1241 illius
873 1201 1056 1256 suspicio
1077 1201 1385 1251 demoveretur,
1410 1201 1483 1242 dat
1503 1201 1664 1256 hospiti
1684 1215 1758 1242 suo

144 1263 314 1305 cuidam
343 1264 567 1319 negotium
597 1270 645 1306 ut
677 1265 863 1321 aliquem
893 1266 1101 1320 reperiret
1122 1282 1249 1322 quem
1279 1266 1388 1307 illud
1409 1266 1557 1308 fecisse
1578 1266 1755 1307 insimu-

144 1329 266 1380 laret,
289 1330 493 1385 daretque
514 1345 686 1385 operam
716 1336 764 1372 ut
794 1330 830 1372 is
858 1346 906 1372 eo
931 1331 1110 1373 crimine
1131 1332 1421 1382 damnaretur,
1444 1347 1498 1373 ne
1528 1332 1618 1387 ipse
1649 1337 1758 1372 esset

143 1394 191 1436 in
211 1395 402 1436 crimine.
463 1395 549 1437 Res
571 1411 657 1437 11011
684 1396 1031 1451 procrastinatur.
1096 1397 1210 1440 Nam
1231 1413 1364 1453 quum
1384 1397 1464 1439 iste
1486 1397 1638 1439 Catina
1659 1411 1750 1452 pro-

144 1460 280 1502 fectus
310 1465 431 1511 esset,
464 1461 576 1503 servi
606 1462 828 1518 cujusdam
857 1477 1014 1503 nomen
1045 1462 1247 1504 defertur.
1310 1464 1356 1505 Is
1386 1468 1630 1505 accusatur:
1667 1462 1759 1504 ficti

143 1530 272 1568 testes
302 1527 349 1567 in
379 1542 476 1568 eum
506 1527 703 1568 danturm.
737 1527 847 1568 Rem
869 1533 1048 1570 cunctus
1072 1534 1243 1570 senatus
1266 1529 1561 1571 Catinensium
1589 1528 1758 1584 legibus

138 1591 372 1648 judicabat.
435 1592 683 1634 Sacerdotes
704 1598 936 1634 vocantur:
969 1609 1023 1634 ex
1050 1594 1118 1636 his
1145 1595 1366 1650 quaeritur
1393 1599 1552 1636 secreto
1573 1594 1620 1635 in
1640 1594 1758 1636 curia

143 1658 247 1713 quid
263 1673 350 1699 esse
363 1657 525 1699 factum
539 1659 862 1709 arbitrarentur,
873 1660 1231 1714 quemadmodum
1244 1660 1417 1716 signum
1430 1666 1537 1702 esset
1553 1660 1755 1701 ablatum.

143 1722 421 1778 Respondent
445 1723 544 1765 illae
570 1724 777 1779 praetoris
804 1725 850 1765 in
877 1740 926 1766 00
954 1725 1045 1767 1000
1072 1741 1213 1767 servos
1239 1741 1326 1768 esse
1347 1726 1471 1768 visos.
1533 1725 1619 1767 Res
1649 1740 1758 1781 quae

144 1794 252 1831 esset
277 1790 369 1846 jam
399 1797 525 1832 antea
555 1806 642 1832 non
664 1792 840 1833 obscura
868 1792 1136 1834 sacerdotum
1155 1793 1400 1834 testimonio
1420 1792 1643 1848 perspicua
1670 1806 1757 1833 esse

144 1855 294 1911 coepit.
357 1855 456 1897 Itur
476 1856 521 1897 111
544 1857 793 1898 consilium:
826 1873 972 1899 servus
993 1858 1067 1899 ille
1088 1858 1292 1900 innocens
1313 1858 1508 1900 omnibus
1535 1856 1757 1898 sententiis

144 1920 390 1972 absolvitur,
424 1937 507 1978 quo
538 1922 707 1964 facilius
737 1938 811 1964 vos
846 1923 963 1965 hunc
992 1924 1189 1966 omnibus
1224 1923 1446 1966 sententiis
1477 1924 1758 1965 condemnare

144 1988 326 2042 possitis.
391 1987 506 2034 Quid
527 1989 643 2030 enim
669 1989 871 2044 postulas,
895 1990 1086 2032 Verres?
1117 1990 1223 2046 quid
1251 1991 1428 2046 speras?
1459 1990 1563 2046 quid
1584 2004 1755 2044 exspec-

144 2058 210 2094 tas
225 2053 245 2094 ?
280 2069 407 2109 quem
441 2054 523 2096 tibi
555 2059 629 2096 aut
662 2055 790 2096 deum
821 2060 895 2097 aut
925 2055 1145 2098 hominem
1177 2057 1337 2098 auxilio
1369 2057 1564 2098 futurum
1597 2055 1757 2111 putas?

144 2117 264 2160 Eone
303 2124 352 2160 tu
392 2135 533 2162 servos
565 2121 620 2162 ad
660 2121 932 2176 spoliandum
967 2121 1118 2164 fanum
1152 2122 1386 2164 immittere
1421 2137 1546 2163 ausus
1582 2137 1637 2171 es,
1672 2136 1756 2176 quo

145 2183 300 2226 liberos
322 2185 438 2227 adire
458 2201 513 2227 110
534 2187 684 2228 orandi
705 2186 880 2242 quidem
900 2202 1025 2229 causa
1046 2187 1110 2230 fas
1131 2188 1257 2230 erat?
1305 2187 1444 2229 Hisne
1465 2187 1590 2228 rebus
1606 2201 1756 2228 manus

193 2333 245 2364 45.
268 2334 304 2364 in
319 2334 386 2375 his]
435 2339 444 2352 ‘
457 2335 490 2365 in
507 2335 545 2366 iis
558 2335 567 2349 '
584 2335 623 2372 L,
641 2335 694 2365 ‘in
710 2336 761 2366 his
771 2336 779 2349 '
798 2336 839 2373 R,
851 2338 931 2367 cett.
977 2337 1028 2367 for
1040 2337 1098 2367 the
1108 2337 1342 2377 investigation
1355 2337 1419 2368 and
1431 2337 1509 2368 trial
1524 2338 1561 2368 of
1568 2337 1635 2368 this
1647 2337 1740 2369 affair
1745 2351 1756 2376 ;

150 2376 271 2406 Iordan
300 2377 359 2407 has
392 2378 445 2408 ‘in
475 2378 536 2409 iis?
587 2378 640 2409 He
671 2379 793 2409 seldom
823 2380 932 2409 allows
977 2380 1042 2410 and
1057 2380 1124 2410 this
1140 2391 1205 2410 was
1221 2381 1396 2421 according
1411 2384 1447 2412 to
1462 2381 1520 2412 the
1535 2381 1612 2412 laws
1638 2382 1676 2412 of
1696 2382 1756 2413 Ca-

149 2422 159 2437 ‘
171 2419 221 2450 his
232 2419 240 2433 '
257 2422 293 2450 to
308 2420 415 2450 stand.
976 2423 1058 2453 tina.

194 2463 395 2503 anfistzttaefl
443 2463 548 2494 There
593 2464 619 2494 is
661 2464 719 2494 the
756 2465 927 2505 authority
1017 2466 1293 2508 arbitrarentur]
1342 2468 1402 2498 See
1423 2467 1496 2498 Lib.
1521 2469 1551 2499 2.
1573 2478 1600 2499 c.
1617 2469 1670 2505 38,
1690 2468 1756 2499 and

148 2506 185 2537 of
198 2506 320 2536 Gellius
338 2505 417 2547 (xiii.
434 2506 489 2548 20)
506 2507 556 2537 for
572 2507 638 2537 this
653 2507 737 2537 form
748 2520 758 2544 3
782 2508 846 2538 and
862 2508 928 2538 also
972 2509 1029 2539 the
1046 2511 1133 2540 note.

149 2549 207 2580 the
237 2549 407 2590 authority
435 2550 472 2580 of
497 2549 643 2580 Priscian
669 2549 712 2590 (v.
738 2551 768 2580 4.
796 2561 827 2590 p.
855 2551 928 2588 560,
1017 2552 1095 2582 Itur
1121 2553 1156 2583 in
1181 2554 1351 2584 consilium
1363 2553 1389 2595 :]
1438 2557 1447 2571 ‘
1459 2554 1550 2594 They
1577 2554 1755 2585 deliberate

150 2592 301 2629 Putsch.;
319 2594 392 2629 183,
408 2593 520 2629 Krelss,
531 2593 674 2623 referred
684 2595 719 2623 to
728 2593 771 2634 by
783 2593 929 2635 Zumpt).
974 2605 1015 2625 on
1031 2596 1089 2626 the
1105 2597 1254 2627 verdiet?
1300 2597 1377 2627 This
1393 2598 1420 2628 is
1437 2598 1493 2628 the
1517 2598 1645 2628 Roman
1667 2598 1753 2628 form

149 2636 218 2666 The
231 2636 419 2667 MSS.have
430 2636 511 2667 both
523 2636 731 2667 ‘antistitae'
744 2637 809 2666 and
825 2637 929 2667 ‘anti-
974 2639 1011 2668 of
1030 2640 1212 2679 expression
1241 2641 1369 2681 applied
1401 2643 1436 2672 to
1459 2651 1478 2671 a
1500 2641 1585 2682 body
1616 2641 1653 2671 of
1678 2651 1754 2671 men

149 2679 266 2709 stites?
291 2679 331 2709 In
349 2690 375 2709 c.
393 2681 435 2710 50
450 2680 543 2710 there
560 2680 585 2709 is
603 2679 810 2717 ‘antistitcs,'
826 2680 887 2711 but
903 2681 930 2711 it
975 2682 1048 2712 who
1071 2694 1126 2714 are
1149 2683 1263 2724 acting
1286 2695 1320 2714 as
1337 2684 1457 2725 judges
1480 2684 1517 2714 of
1536 2694 1555 2714 a
1577 2684 1655 2714 fact.
1713 2684 1754 2714 In

149 2722 270 2762 applies
286 2724 321 2752 to
337 2723 378 2752 all
395 2723 452 2753 the
470 2723 597 2753 ‘civcsf
975 2725 1047 2756 Lib.
1072 2727 1101 2756 1.
1127 2737 1153 2757 c.
1178 2728 1208 2763 9,
1232 2727 1326 2758 there
1349 2728 1375 2757 is
1398 2727 1455 2758 the
1478 2727 1600 2757 similar
1626 2727 1753 2767 phrase,

193 2765 444 2807 demoveretur,]
492 2766 624 2797 “Codd.
640 2766 791 2806 vulgares
806 2767 840 2797 et
856 2766 929 2798 edd.
975 2769 1127 2800 ‘mittam
1150 2770 1184 2800 in
1219 2771 1411 2807 consilium,’
1445 2771 1503 2801 the
1536 2771 1691 2811 meaning
1720 2769 1757 2800 of

149 2810 277 2838 veteres
292 2812 511 2840 removeretur
522 2810 543 2823 '³
561 2809 722 2851 (Zumpt).
973 2812 1079 2843 which
1095 2813 1121 2844 is
1137 2813 1307 2854 explained
1320 2814 1365 2855 by
1380 2814 1438 2845 the
1453 2815 1598 2845 context.

185 2851 394 2893 judicabat]
441 2853 509 2883 The
525 2855 636 2884 senate
652 2852 777 2884 formed
800 2863 819 2883 a
835 2856 929 2884 court
