1849 3167
167 103 253 145 408
752 100 823 144 ΙΝ
854 99 899 143 O.
931 98 1189 143 VERREM

168 221 336 259 tantam
365 214 576 257 rationem
604 229 671 257 res
699 215 829 257 habet
871 219 1075 271 quantam
1116 213 1350 255 utilitatem
1390 217 1517 270 atque
1555 215 1771 270 praedam.

169 282 264 332 Dic,
297 281 377 331 dic,
401 280 544 336 inquit
574 281 659 331 ille,
684 281 866 336 planius.
929 279 1108 321 Senatus
1128 283 1171 320 te
1191 279 1327 321 voluit
1347 280 1455 321 mihi
1474 296 1681 331 nummos,
1703 295 1773 322 me

170 347 250 388 tibi
280 346 545 388 frumentum
585 347 713 387 dare:
756 351 805 387 tu
835 361 903 387 eos
943 360 1150 394 nummos,
1183 360 1287 400 quos
1316 345 1426 386 mihi
1464 351 1632 387 senatus
1672 347 1773 387 dare

170 412 320 462 voluit,
343 412 434 467 ipse
463 412 619 462 habes;
652 427 676 452 a
695 427 776 461 me,
799 411 868 452 cui
889 410 1080 466 singulos
1101 411 1295 452 denarios
1316 411 1408 452 dari
1429 412 1629 466 oportuit,
1650 411 1773 452 binos

170 477 310 519 aufers
332 482 374 519 et
394 477 494 518 huic
515 477 695 532 praedae
717 491 764 517 ac
792 476 1023 531 direptioni
1055 475 1184 517 cellae
1210 491 1366 517 nomen
1396 476 1591 531 imponis.
1652 476 1773 518 Haec

170 544 315 585 deerat
335 543 493 599 injuria
514 547 556 583 et
576 542 679 583 haec
701 541 920 583 calamitas
940 541 1176 583 aratoribus
1197 545 1240 582 te
1259 546 1465 597 praetore,
1488 557 1571 597 qua
1597 541 1773 597 reliquis

169 608 352 650 fortunis
381 607 576 649 omnibus
605 610 909 648 everterentur.
970 606 1085 648 Nam
1114 606 1219 661 quid
1247 621 1335 647 esse
1364 606 1518 662 reliqui
1547 612 1713 662 poterat
1733 609 1774 650 ei

170 674 245 729 qui
274 689 350 729 per
379 673 490 714 hanc
520 672 724 727 injuriam
753 688 840 714 non
869 673 995 714 modo
1024 671 1212 713 fructum
1241 687 1411 714 omnem
1440 672 1667 722 amitteret,
1699 674 1792 714 sed'

170 739 299 780 etiam
320 739 654 779 instrumentum
671 738 858 787 ,vendere
879 742 1101 793 cogeretur
1115 737 1135 778 Ρ
1196 736 1392 783 Quonam
1413 752 1455 778 se
1471 742 1654 779 verteret
1669 739 1689 780 Ρ
1719 753 1772 779 ex

170 819 253 859 quo
274 804 415 845 fructu
436 818 632 844 nummos
653 818 756 858 quos
778 803 857 845 tibi
872 804 993 845 daret
1007 802 1254 844 inveniret?
1294 802 1581 845 Decumarum
1600 804 1774 845 nomine

169 874 339 910 tantum
360 873 450 910 erat
471 869 661 910 ablatum
682 874 891 924 quantum
912 869 1109 910 voluntas
1131 869 1286 910 tulerat
1307 867 1512 923 Apronii:
1536 883 1612 923 pro
1628 868 1773 910 alteris

168 934 356 976 decumis
385 939 610 989 emptoque
639 933 854 975 frumento
885 938 959 975 aut
987 933 1100 975 nihil
1129 934 1290 984 datum,
1322 938 1396 975 aut
1425 938 1595 975 tantum
1625 934 1773 975 datum

170 1005 378 1054 quantum
398 999 553 1054 reliqui
574 999 711 1041 scriba
732 999 902 1049 fecerat,
925 1004 999 1041 aut
1018 1000 1131 1041 ultro
1152 999 1294 1049 etiam,
1328 999 1374 1040 id
1405 999 1519 1054 quod
1550 999 1771 1048 didicistis,

169 1064 371 1106 ablatum.
451 1065 705 1106 LXXXVI.
746 1064 968 1121 Oogantur
997 1065 1128 1107 etiam
1157 1065 1325 1106 nummi
1354 1065 1407 1106 ab
1437 1068 1602 1106 aratore
1619 1065 1639 1106 Ρ
1689 1079 1773 1119 quo

167 1131 292 1171 modo
310 1130 329 1171 Ρ
350 1146 433 1186 quo
449 1130 546 1186 jure
560 1131 580 1172 Ρ
601 1146 685 1186 quo
706 1131 900 1186 exemplo
915 1131 935 1172 Ρ
975 1131 1102 1180 Nam,
1126 1146 1258 1186 quum
1277 1130 1441 1172 fructus
1462 1129 1774 1185 diripiebantur

168 1200 384 1237 aratorum
414 1201 543 1251 atque
572 1196 690 1237 omni
728 1196 1026 1237 lacerabantur
1064 1196 1236 1252 injuria,
1267 1196 1493 1238 videbatur
1522 1195 1568 1236 id
1596 1196 1773 1250 perdere

167 1265 308 1302 arator
338 1261 452 1316 quod
481 1265 622 1302 aratro
651 1260 741 1316 ipse
771 1261 1013 1316 quaesisset,
1045 1261 1091 1302 in
1121 1277 1205 1317 quo
1235 1261 1502 1311 elaborasset,
1534 1261 1647 1316 quod
1677 1260 1773 1316 agri

166 1330 413 1381 segetesque
443 1326 707 1367 extulissent.
771 1326 934 1373 Quibus
973 1326 1143 1382 injuriis
1184 1327 1445 1382 gravissimis
1485 1331 1629 1367 tamen
1662 1325 1773 1367 illud

166 1397 256 1432 orat
276 1391 480 1433 miserum
501 1391 712 1442 solatium,
735 1393 848 1447 quod
868 1392 913 1433 id
932 1393 1108 1447 perdere
1129 1392 1365 1442 videbatur,
1392 1392 1505 1447 quod
1535 1391 1619 1432 alio
1648 1406 1769 1446 prae-

165 1463 256 1497 tore
277 1457 424 1498 eodem
445 1472 498 1498 ex
519 1472 622 1512 agro
643 1472 840 1511 reparare
859 1463 1011 1513 posset.
1072 1457 1281 1499 Nummos
1300 1472 1399 1499 vero
1420 1461 1468 1497 ut
1489 1456 1609 1497 daret
1629 1461 1771 1498 arator

165 1537 269 1576 quos
290 1537 377 1563 non
398 1527 606 1572 exararat,
630 1537 734 1577 quos
754 1538 841 1564 non
872 1527 1012 1564 aratro
1034 1538 1081 1564 ac
1102 1538 1234 1564 manu
1265 1522 1444 1578 quaerit,
1466 1523 1592 1563 boves
1613 1527 1655 1563 et
1676 1537 1768 1563 ara-

164 1594 281 1628 trum
310 1587 452 1642 ipsum
482 1592 610 1642 atque
640 1602 764 1629 omne
794 1588 1128 1629 instrumentum
1158 1588 1317 1629 vendat
1346 1603 1513 1629 necesse
1533 1592 1608 1628 est.
1669 1587 1770 1629 Non

165 1652 281 1693 enim
301 1653 463 1694 debetis
484 1653 564 1694 hoc
585 1653 797 1708 cogitare:
830 1654 960 1696 habet
986 1654 1101 1695 idem
1121 1654 1168 1695 in
1188 1652 1388 1702 nummis,
1419 1653 1549 1694 habet
1579 1653 1692 1694 idem
1723 1653 1770 1694 in

163 1718 339 1760 urbanis
354 1719 551 1774 praediis.
594 1719 708 1762 Nam
725 1734 858 1775 quum
873 1719 1031 1761 aratori
1047 1719 1210 1775 aliquid
1225 1718 1472 1775 imponitur,
1487 1733 1572 1760 non
1584 1718 1770 1760 hominis

989 1886 1047 1918 the
1064 1889 1074 1904 ‘
1083 1888 1194 1917 arator
1205 1886 1236 1917 P'
1247 1886 1269 1901 ’³

207 1885 364 1923 quantum
387 1883 508 1924 reliqui
524 1883 598 1926 cyme]
644 1884 741 1916 After
764 1885 946 1927 deducting
1033 1930 1075 1960 86
1110 1930 1208 1960 daret
1273 1929 1465 1971 exararat]
1502 1929 1570 1960 The
1585 1929 1722 1960 readino·
1736 1929 1775 1960 Of

162 1926 220 1957 the
240 1927 354 1957 ‘binae
370 1927 679 1968 quinquagesimae,'
699 1929 889 1960 mentioned
910 1930 946 1960 in

163 1980 190 1999 (¹.
207 1969 259 2002 78.
284 1970 456 2000 Manutius
471 1971 615 2011 explains
632 1975 641 1988 ‘
651 1972 739 2002 ultro
749 1972 758 1985 '
774 1972 817 2012 by
834 1976 843 1989 ‘
856 1973 945 2003 nullo

162 2013 303 2049 nomine,
320 2014 409 2044 nulla
426 2024 532 2050 causa,
548 2025 607 2054 pro
624 2014 735 2045 Verris
751 2015 850 2055 ipsius
872 2016 944 2046 libi-

162 2056 259 2086 dine.'
290 2056 440 2087 Nannius
456 2068 528 2097 says
543 2058 619 2088 that
632 2068 679 2088 we
694 2059 800 2098 ought
816 2061 851 2089 to
866 2060 944 2090 read

163 2103 171 2115 ‘
183 2101 241 2129 aut
254 2099 340 2129 ultro
352 2100 451 2130 etiam
464 2100 507 2136 id,
519 2101 605 2140 quod
617 2101 761 2137 dedistis,
773 2102 942 2139 ablatum,’

161 2142 269 2171 which
284 2142 325 2172 he
342 2143 485 2182 explains
501 2144 578 2174 thus
591 2156 597 2174 :
623 2148 644 2161 “
654 2146 712 2174 aut
729 2145 810 2174 nihil
826 2145 941 2176 datum

161 2187 220 2215 aut
230 2195 346 2224 parum
357 2186 471 2216 datum
488 2189 547 2217 aut
562 2187 622 2217 hoc
634 2187 740 2227 ipsum
753 2188 839 2227 quod
854 2189 943 2220 ultro

162 2227 290 2258 dederit
302 2228 342 2258 ab
354 2231 483 2259 aratore
495 2230 693 2260 revulsum.'¹
722 2231 790 2261 But
801 2231 857 2262 the
870 2234 942 2263 text

161 2281 295 2310 appears
311 2273 346 2301 to
361 2272 400 2301 be
416 2272 518 2311 right.
556 2274 602 2303 At
618 2283 681 2313 any
697 2276 779 2310 rate,
797 2284 844 2304 we
860 2274 942 2306 have

160 2323 203 2343 no
215 2314 385 2354 authority
397 2315 448 2345 for
463 2315 606 2356 altering
621 2316 648 2346 it
658 2328 668 2352 3
685 2317 750 2346 and
765 2317 822 2347 the
832 2328 941 2348 mean·

160 2356 218 2396 ing
230 2357 256 2386 is
268 2359 327 2387 not
339 2357 482 2388 obscure.
512 2362 532 2375 ‘¹
543 2358 607 2388 For
622 2359 679 2389 the
691 2360 808 2390 second
825 2363 834 2377 ‘
844 2360 940 2390 decu-

159 2399 254 2436 mae,'
266 2400 332 2435 &c.,
343 2400 448 2430 either
458 2401 599 2441 nothing
609 2403 644 2432 at
656 2402 699 2431 all
709 2412 773 2432 was
785 2402 893 2441 given,
904 2413 941 2433 or

159 2442 233 2483 only
245 2453 279 2473 so
288 2443 386 2472 much
397 2454 430 2473 as
440 2443 606 2474 remained
621 2444 706 2474 after
721 2445 779 2475 the
796 2449 805 2462 ‘
815 2446 920 2476 scriba
929 2446 939 2459 ³

159 2486 225 2516 had
236 2486 330 2516 made
339 2486 389 2515 his
401 2486 602 2523 deductions,
614 2497 660 2523 or,
670 2498 759 2518 more
770 2488 852 2518 than
863 2489 940 2519 that

160 2528 288 2569 (ultro),
313 2539 430 2569 money
453 2540 518 2559 was
544 2539 624 2559 even
649 2530 750 2560 taken
774 2530 858 2561 from
881 2532 939 2562 the

159 2576 169 2589 ‘
181 2572 348 2608 aratores,'
372 2582 406 2602 as
431 2582 495 2612 you
525 2572 607 2603 have
634 2572 715 2603 been
745 2573 940 2605 informed.”

159 2615 271 2645 Cicero
290 2615 347 2645 has
366 2615 439 2655 just
461 2615 532 2645 told
555 2626 592 2645 us
611 2615 687 2646 that
705 2616 762 2646 the
787 2621 794 2633 ⁶
806 2618 938 2654 arator,'

157 2658 285 2689 instead
308 2659 346 2689 of
371 2658 503 2698 getting
527 2668 545 2688 a
573 2662 582 2675 ‘
592 2658 743 2689 denarius
753 2659 762 2671 '
785 2659 836 2689 for
859 2661 938 2691 each

158 2705 167 2718 ‘
178 2701 326 2737 modius,'
342 2702 490 2732 received
510 2702 651 2741 nothing
672 2704 706 2732 at
723 2702 775 2738 all,
793 2703 857 2733 and
872 2703 937 2734 had

156 2746 192 2775 to
215 2755 277 2784 pay
300 2747 366 2775 two
391 2748 399 2761 ‘
411 2744 557 2775 denarii.²

603 2745 656 2775 He
678 2745 759 2775 then
782 2756 934 2783 resumes,
980 2746 1182 2786 imponitur.'

989 1972 1030 2003 V.
1055 1973 1176 2013 Zumpt
1191 1973 1255 2004 and
1268 1973 1389 2003 Iordan
1403 1973 1486 2004 have
1503 1976 1512 1990 ‘
1522 1973 1578 2004 det
1592 1996 1599 2003 .
1613 1996 1620 2003 .
1633 1973 1768 2003 exarat?

988 2016 1154 2057 —Zumpt
1169 2017 1263 2047 reads
1280 2020 1289 2034 ‘
1301 2016 1409 2047 omnia
1423 2016 1667 2052 inst1·umenta,'
1683 2016 1767 2046 from

989 2059 1050 2100 Lg.
1071 2061 1114 2090 42
1137 2060 1224 2100 only,
1246 2060 1311 2090 and
1333 2060 1492 2097 observes,
1519 2063 1590 2089 “ne
1614 2059 1675 2090 hoc
1696 2059 1766 2099 qui-

988 2102 1061 2133 dem
1086 2103 1154 2133 sine
1178 2113 1284 2139 causa,
1307 2113 1383 2133 nam
1407 2104 1516 2133 omnia
1532 2103 1642 2133 valent
1658 2104 1767 2132 cetera

987 2146 1107 2182 omnia,
1124 2156 1224 2186 quum
1242 2146 1312 2186 jam
1328 2146 1392 2176 duo
1408 2146 1474 2177 siut
1490 2146 1668 2181 nominata,
1685 2155 1767 2185 quae

987 2189 1075 2219 omni
1085 2189 1306 2219 instrumento
1317 2188 1672 2229 comprehenduntur.'’
1696 2188 1766 2218 But

988 2232 1264 2262 ‘instrumentum
1274 2232 1283 2245 '
1302 2232 1329 2262 is
1344 2232 1402 2262 the
1417 2232 1516 2262 word.
1562 2231 1674 2261 Cicero
1690 2231 1766 2271 only

986 2284 1057 2305 uses
1081 2279 1090 2291 ‘
1102 2275 1342 2305 instrumenta’
1359 2285 1448 2310 once,
1464 2275 1499 2304 in
1515 2274 1606 2305 these
1622 2274 1766 2305 orations

986 2319 1021 2347 at
1045 2317 1127 2347 least
1152 2317 1193 2357 (e.
1210 2317 1277 2358 97).
1325 2317 1377 2347 He
1400 2317 1563 2348 mentions
1589 2318 1647 2348 the
1671 2328 1764 2354 oxen,

985 2360 1043 2390 the
1065 2360 1198 2400 plough,
1218 2360 1283 2390 and
1305 2360 1346 2390 he
1369 2360 1459 2397 adds,
1483 2361 1548 2391 ‘all
1568 2361 1626 2392 the
1648 2360 1765 2398 stock:

984 2403 1070 2433 after
1085 2403 1291 2443 mentioning
1305 2405 1391 2443 part.

1028 2446 1125 2475 habet
1153 2446 1238 2476 idem
1269 2445 1342 2487 kgrex]
1401 2447 1522 2487 Zumpt
1552 2447 1617 2478 and
1644 2447 1765 2478 Iordan

985 2488 1067 2519 omit
1091 2489 1148 2519 the
1169 2489 1286 2519 second
1312 2490 1436 2520 ‘idem’
1460 2490 1546 2521 after
1566 2491 1624 2522 the
1646 2491 1764 2522 second

986 2531 1126 2562 ‘habet.'
1170 2532 1201 2561 V
1216 2542 1317 2562 seems
1333 2535 1368 2563 to
1383 2533 1466 2564 have
1482 2533 1520 2564 it.

1028 2575 1158 2614 aliquid
1173 2575 1382 2617 imponitur,]
1422 2577 1490 2607 The
1507 2587 1655 2608 common
1671 2578 1764 2608 read-

983 2616 1042 2657 ing
1064 2618 1090 2647 is
1114 2622 1213 2649 ‘onus
1232 2619 1356 2659 aliquid
1378 2619 1558 2659 imponitur
1568 2621 1589 2657 ς’
1612 2621 1673 2652 but
1697 2620 1759 2661 Lg.

983 2661 1035 2696 42,
1061 2664 1070 2678 ‘
1082 2663 1116 2692 et
1132 2661 1246 2692 Lamb.
1263 2662 1297 2692 in
1318 2663 1465 2703 margine
1476 2663 1485 2675 '
1504 2662 1663 2704 (Zumpt),
1680 2664 1763 2696 omit

983 2704 1103 2734 ‘onus'
1143 2704 1242 2736 Klotz
1259 2706 1460 2746 conjectures
1477 2709 1486 2723 ‘
1497 2716 1616 2737 munus
1632 2707 1762 2747 aliquod

1244 2748 1275 2780 V
1304 2749 1362 2780 has
1393 2749 1465 2790 ‘jus
1494 2749 1625 2790 aliquod
1657 2750 1758 2790 impo-

157 2787 376 2828 indignantly,
395 2792 403 2804 ‘
414 2788 583 2828 Cogantur
599 2788 697 2818 etiam
714 2789 862 2825 nu1nmi,’
879 2789 934 2820 &c.
979 2789 1093 2821 nitur?

158 2833 179 2847 “
190 2830 292 2861 What
305 2831 310 2861 ἱ
328 2831 410 2861 shall
425 2841 541 2872 money
553 2841 633 2862 even
644 2831 684 2862 be
696 2832 836 2863 wrested
850 2832 934 2864 from
