1849 3167
159 121 243 163 544
742 118 812 161 IN
843 118 889 161 G.
922 116 1179 160 VERREM

159 236 363 292 squalore,
386 235 432 276 in
454 235 659 285 sordibus,
681 233 918 290 tyrannicis
949 231 1188 273 interdictis
1209 229 1293 272 tuis
1316 230 1427 285 patri
1448 235 1597 272 exacta
1627 236 1764 273 aetate

159 308 201 343 et
223 301 478 342 adolescenti
499 301 586 341 filio
607 299 791 341 adeundi
812 300 866 340 ad
886 298 1009 338 illum
1029 296 1233 337 miserum
1261 300 1513 351 potestatem
1544 312 1764 352 nunquam

159 383 246 408 esse
267 367 436 408 factam.
498 366 643 407 Etiam
674 365 782 406 illud
818 363 1070 418 praeteribo,
1103 361 1436 417 quotiescunque
1472 361 1766 404 Panhormum

158 433 326 474 veneris
347 432 421 473 illo
443 447 554 473 anno
575 437 617 472 et
644 446 715 472 sex
741 429 971 477 mensibus,
1006 443 1106 468 nam
1137 427 1303 468 tamdiu
1333 427 1416 468 fuit
1437 426 1688 482 Apollonius
1719 429 1765 469 in

159 513 338 548 carcere,
372 498 495 539 toties
525 502 568 538 te
599 501 792 538 senatum
815 493 1202 535 Panhormitanum
1236 493 1371 534 adisse
1404 493 1636 548 supplicem
1670 509 1767 535 cum

159 564 480 619 magistratibus
501 561 871 614 sacerdotibusque
892 559 1074 614 publicis
1096 563 1290 599 orantem
1321 564 1448 614 atque
1476 559 1767 600 obsecrantem

158 637 208 670 ut
238 629 466 684 aliquando
495 628 568 668 ille
597 626 726 667 miser
756 630 883 680 atque
912 624 1116 665 innocens
1140 623 1381 665 calamitate
1402 623 1477 664 illa
1497 623 1762 665 liberaretur.

159 695 374 749 Relinquo
395 694 498 734 haec
519 692 661 733 omnia
679 706 689 742 ;
721 706 828 746 quae
858 689 893 731 si
914 689 1043 731 velim
1065 688 1273 744 persequi,
1297 688 1421 730 facile
1452 690 1671 730 ostendam
1693 676 1767 730 tua

160 761 410 802 crudelitate
431 759 477 799 in
499 758 767 799 alios'omnes
787 756 867 797 tibi
888 755 1029 796 aditus
1046 755 1359 796 misericordiae
1375 755 1570 811 judicum
1585 756 1765 812 jampri-

161 827 257 868 dem
280 841 366 867 esse
387 823 637 879 praeclusos.
701 821 782 863 IX.
816 821 973 862 Omnia
1004 821 1084 862 tibi
1111 820 1194 861 ista
1215 821 1442 862 concedam
1469 826 1511 862 et
1536 821 1766 862 remittam.

160 892 394 933 Praevideo
429 889 543 931 enim
579 889 684 944 quid
718 888 773 929 sit
809 886 1058 928 defensurus
1094 886 1374 928 Hortensius:
1417 886 1621 928 fatebitur
1656 886 1769 941 apud

160 958 291 999 istum
324 971 463 1011 neque
499 959 761 996 senectutem
795 953 929 1008 patris
964 967 1102 1007 neque
1143 952 1473 993 adolescentiam
1511 952 1591 993 filii
1630 967 1769 1007 neque

159 1023 355 1065 lacrimas
375 1022 596 1076 utriusque
617 1020 712 1075 plus
744 1019 926 1060 valuisse
959 1033 1088 1073 quam
1120 1017 1352 1059 utilitatem
1380 1018 1642 1072 salutemque
1672 1032 1767 1071 pro-

160 1089 353 1130 vinciae:
386 1087 498 1128 dicet
519 1102 609 1127 rem
630 1085 845 1141 publicam
879 1084 1170 1125 administrari
1198 1084 1288 1125 sine
1320 1088 1439 1124 metu
1466 1098 1514 1124 ac
1545 1082 1769 1125 severitate

160 1170 246 1196 non
278 1169 422 1210 posse:
466 1158 640 1208 quaeret
672 1151 947 1207 quamobrem
987 1149 1119 1191 fasces
1158 1150 1424 1204 praetoribus
1459 1149 1768 1205 praeferantur,

161 1236 236 1262 cur
257 1235 421 1261 secures
443 1220 578 1268 datae,
602 1233 677 1259 cur
698 1232 840 1258 carcer
875 1215 1133 1264 aedificatus,
1169 1231 1243 1256 cur
1276 1220 1340 1256 tot
1371 1214 1578 1270 supplicia
1608 1213 1694 1255 sint
1723 1213 1770 1254 in

160 1287 374 1341 improbos
390 1299 506 1325 more
527 1283 739 1339 majorum
759 1281 1025 1324 constituta?
1087 1281 1206 1327 Quae
1238 1296 1371 1336 quum
1403 1280 1546 1321 omnia
1581 1279 1770 1335 graviter

161 1366 387 1406 severeque
407 1349 577 1398 dixerit,
610 1364 811 1404 quaeram
844 1362 919 1388 cur
950 1347 1065 1387 hunc
1099 1347 1282 1387 eundem
1313 1345 1592 1401 Apollonium
1614 1345 1770 1386 Verres

160 1418 275 1459 idem
301 1421 476 1471 repente
503 1414 622 1455 nulla
650 1429 694 1454 re
722 1428 833 1454 nova
861 1412 1002 1462 allata,
1024 1411 1143 1452 nulla
1170 1411 1427 1460 defensione,
1452 1410 1542 1451 sine
1566 1425 1691 1451 causa
1718 1410 1770 1450 de

161 1499 326 1525 carcere
347 1481 487 1523 emitti
501 1480 700 1536 jusserit:
733 1484 987 1533 tantumque
1008 1478 1054 1518 in
1080 1477 1160 1519 hoc
1193 1476 1371 1518 crimine
1404 1475 1655 1531 suspicionis
1683 1491 1771 1517 esse

162 1549 379 1591 affirmabo
400 1553 448 1588 ut
463 1547 556 1603 jam
575 1545 677 1601 ipsis
693 1544 910 1601 judicibus
932 1544 1022 1585 sine
1043 1558 1136 1584 mea
1157 1541 1528 1598 argumentatione
1557 1541 1769 1596 conjectu-

161 1629 253 1656 ram
274 1614 411 1654 facere
431 1611 690 1667 permittam,
713 1610 825 1665 quod
846 1609 925 1650 hoc
947 1623 1081 1664 genus
1101 1607 1347 1663 praedandi,
1371 1622 1501 1662 quam
1530 1607 1772 1661 improbum

162 1696 291 1736 quam
311 1678 553 1734 indignum,
586 1691 797 1731 quamque
830 1675 884 1716 ad
915 1673 1261 1729 magnitudinem
1287 1677 1485 1728 quaestus
1516 1671 1773 1712 immensum

162 1747 464 1800 infinitumque
486 1759 574 1785 esse
595 1742 801 1784 videatur.
864 1740 979 1783 Nam
1000 1755 1108 1795 quae
1138 1739 1217 1780 iste
1248 1738 1294 1779 in
1325 1737 1555 1793 Apollonio
1586 1737 1700 1787 fecit,
1724 1752 1773 1778 ea

162 1813 350 1869 primum
371 1809 557 1852 breviter
578 1806 819 1863 cognoscite
841 1811 944 1861 quot
976 1813 1018 1847 et
1050 1810 1211 1861 quanta
1233 1804 1344 1853 sint;
1377 1803 1530 1845 deinde
1562 1803 1666 1844 haec
1698 1817 1770 1843 ex-

163 1878 337 1934 pendite
373 1881 500 1931 atque
533 1875 752 1916 aestimate
787 1871 991 1927 pecunia:
1024 1870 1245 1926 reperietis
1280 1869 1438 1910 idcirco
1470 1869 1574 1909 haec
1609 1868 1655 1909 in
1688 1883 1773 1909 uno

164 1944 337 1985 homine
376 1940 602 1997 pecunioso
635 1944 699 1980 tot
734 1938 978 1987 constituta,
1020 1942 1068 1977 ut
1109 1936 1259 1978 ceteris
1290 1934 1538 1977 formidines
1569 1933 1774 1974 similium

165 2008 530 2050 incommodorum
557 2011 685 2061 atque
715 2003 910 2058 exempla
936 2002 1223 2058 periculorum
1252 2004 1517 2056 proponeret.
1579 1998 1775 2039 Primum

166 2072 430 2115 insimulatio
461 2077 524 2113 est
554 2070 778 2126 repentina
807 2068 1002 2124 capitalis
1038 2072 1165 2123 atque
1197 2066 1400 2108 invidiosi
1431 2064 1647 2107 criminis:
1690 2068 1774 2105 sta-

213 2231 324 2261 aditus
337 2228 581 2260 misericordiae
588 2226 758 2269 judic-um]
785 2229 806 2243 “
817 2225 880 2263 Qui
892 2225 948 2255 ali·
993 2224 1099 2264 signia
1114 2234 1211 2264 quam
1227 2222 1434 2263 potestatis.'’

169 2285 265 2315 quem
282 2273 436 2304 sermonis
446 2272 573 2302 aditum
584 2280 776 2309 causamque
787 2268 950 2299 amicitiae
1039 2268 1123 2307 quod
1146 2267 1205 2296 hoc·
1223 2265 1341 2306 genus]
1391 2268 1399 2281 ‘
1410 2265 1513 2294 What
1528 2264 1609 2294 kind
1624 2264 1661 2295 of
1679 2264 1773 2304 plun-

170 2329 244 2348 cum
269 2317 404 2347 Caesare
427 2314 626 2350 habebant‚”
651 2313 779 2348 Caesar,
801 2313 839 2342 B.
860 2311 899 2342 G.
919 2322 949 2341 v.

170 2362 222 2391 41.
261 2360 329 2389 The
345 2369 401 2388 use
416 2358 453 2388 of
464 2358 521 2388 the
538 2357 638 2387 Latin
653 2356 797 2396 genitive
812 2355 839 2384 is
854 2364 949 2394 pecu-

170 2404 241 2433 liar.
266 2402 396 2432 Besides
412 2401 546 2439 writing
557 2404 565 2416 ‘
578 2399 686 2429 aditus
696 2396 948 2428 misericordiae'

172 2446 285 2477 Cicero
300 2445 379 2475 adds
397 2448 405 2460 ‘
412 2442 583 2483 judicum!

216 2491 246 2520 9.
272 2485 470 2526 Praevideo]
518 2489 527 2502 ‘
539 2483 716 2514 Provideo'
745 2483 776 2513 R
792 2484 811 2513 3
827 2488 860 2518 λ,
884 2481 949 2518 alii,

172 2532 293 2563 Iordan
303 2544 312 2568 ;
337 2534 346 2547 ‘
358 2529 529 2570 praevideo
541 2528 549 2541 ³
568 2527 628 2567 Lg.
646 2528 697 2557 48.

205 2577 322 2615 fasces
347 2570 578 2614 praetoribus]
626 2570 666 2600 In
696 2569 754 2600 the
783 2567 951 2608 provinces

174 2623 183 2636 ‘
193 2618 323 2650 lictors’
341 2615 466 2647 carried
478 2615 525 2644 six
542 2618 550 2631 ‘
563 2614 663 2643 fasces
675 2613 682 2626 ’
699 2612 808 2642 before
824 2621 843 2641 a
859 2614 868 2627 ‘
878 2621 950 2650 pro-

173 2661 327 2703 praetor,’
353 2662 387 2690 at
410 2659 468 2689 the
491 2656 666 2696 extremity
682 2655 719 2685 of
737 2654 844 2685 which
867 2664 951 2684 were

174 2706 231 2736 the
248 2715 331 2735 axeS.
377 2702 489 2733 Cicero
504 2700 615 2731 makes
630 2709 671 2729 an
692 2700 749 2738 apt
765 2697 901 2728 allusion
916 2699 951 2727 to

174 2749 265 2779 these
281 2746 421 2787 symbols
437 2745 474 2775 of
494 2743 663 2783 authority
679 2742 712 2771 in
728 2741 778 2771 his
794 2741 893 2770 letter
916 2742 951 2770 to

173 2791 224 2821 his
248 2790 382 2821 brother
407 2788 551 2826 Quintus
576 2786 610 2827 (i.
628 2787 657 2816 1.
675 2795 701 2816 e.
721 2784 767 2825 4),
792 2783 887 2813 when
911 2783 951 2813 he

175 2845 239 2864 was
265 2843 424 2874 governor
449 2831 486 2862 of
505 2830 591 2866 Asia,
618 2828 833 2869 “majoraque
860 2836 951 2866 prae-

174 2878 283 2908 ferant
298 2877 399 2906 fasces
425 2874 471 2905 illi
498 2884 536 2905 ac
559 2883 686 2904 secures
709 2870 882 2912 dignitatis
904 2869 951 2900 in-

995 2310 1111 2350 dering
1127 2310 1193 2340 this
1209 2310 1297 2338 must
1312 2309 1352 2338 be
1368 2307 1577 2338 eonsidered.'

1038 2352 1184 2382 criminis
1196 2351 1222 2392 :]
1252 2351 1336 2381 Rein
1354 2350 1433 2391 (Das
1450 2350 1701 2381 Criminalrecht
1717 2350 1774 2380 der

995 2396 1127 2431 Romer,
1143 2405 1175 2434 p.
1192 2395 1247 2434 93)
1265 2394 1420 2424 discusses
1440 2394 1497 2424 the
1517 2394 1644 2424 various
1665 2404 1773 2424 mean-

994 2439 1067 2478 ings
1083 2438 1120 2468 of
1132 2441 1140 2454 ‘
1151 2437 1295 2468 erimen.'
1330 2437 1398 2467 The
1413 2437 1486 2467 first
1501 2437 1566 2467 and
1582 2439 1666 2467 most
1682 2436 1775 2467 usual

994 2481 1148 2521 meaning
1169 2480 1195 2510 is
1221 2480 1381 2520 ‘eharge,'
1406 2480 1543 2510 ‘formal
1566 2479 1775 2510 accusation?

996 2525 1064 2554 But
1081 2535 1099 2554 a
1114 2524 1198 2564 legal
1223 2524 1378 2563 ‘charge'
1403 2526 1492 2554 must
1512 2524 1552 2554 be
1572 2523 1714 2553 founded
1734 2533 1776 2553 on

995 2578 1081 2597 some
1112 2567 1267 2597 violation
1298 2568 1334 2597 of
1366 2567 1439 2603 law,
1470 2567 1535 2596 and
1567 2566 1776 2606 accordingly

997 2610 1157 2640 ‘crimen’
1179 2610 1237 2640 has
1259 2610 1325 2640 also
1341 2610 1398 2640 the
1421 2609 1575 2650 meaning
1591 2609 1627 2639 of
1647 2609 1775 2649 ‘illegal

997 2653 1073 2689 act‚'
1105 2654 1169 2683 and
1200 2657 1208 2670 ‘
1222 2653 1342 2684 crime!
1398 2653 1438 2682 In
1465 2662 1551 2683 some
1575 2662 1724 2692 passages
1749 2652 1777 2682 it

996 2707 1097 2727 seems
1117 2697 1269 2727 doubtful
1286 2696 1392 2727 which
1413 2696 1450 2725 of
1469 2696 1559 2726 these
1583 2697 1649 2725 two
1672 2704 1777 2725 senses

996 2740 1022 2769 is
1038 2740 1095 2770 the
1110 2740 1274 2780 meaning.
1303 2740 1343 2769 In
1358 2739 1425 2769 this
1440 2749 1573 2778 passage
1589 2738 1672 2768 Rein
1688 2738 1777 2778 gives

996 2783 1062 2813 this
1077 2783 1194 2813 second
1210 2783 1363 2822 meaning
1379 2784 1414 2812 to
1436 2786 1444 2799 ‘
1455 2781 1598 2812 crimen.'
1644 2781 1777 2811 Wesen-

995 2826 1086 2866 berg,
1103 2826 1224 2866 quoted
1246 2827 1289 2867 by
1306 2825 1416 2862 Halm,
1433 2825 1522 2866 gives
1537 2826 1573 2856 to
1588 2824 1616 2855 it
1631 2824 1689 2855 the
1705 2823 1777 2854 first

997 2879 1160 2910 meaning.
