1849 3167
175 122 259 164 582
761 120 831 163 IN
863 120 908 162 O.
942 119 1198 162 VERREM

177 251 314 290 neque
335 233 444 276 mari
464 233 649 290 effugere
668 234 756 276 ullo
776 235 900 276 modo
919 238 1102 290 possent,
1125 233 1312 289 appulsis
1343 234 1397 275 ad
1426 233 1635 278 Helorum
1665 235 1783 278 navi-

178 303 257 344 bus
288 300 558 342 Cleomenem
586 300 798 355 persecuti
827 306 938 341 sunt.
1001 299 1110 340 Tum
1141 300 1404 354 praedonum
1443 301 1532 342 dux
1562 302 1781 350 Heracleo,

179 371 354 421 repente
374 371 543 421 praeter
564 381 681 420 spem
702 381 787 406 non
809 381 882 406 sua
904 365 1064 406 virtute
1085 365 1157 405 sed
1176 365 1300 406 istius
1315 365 1496 406 avaritia
1511 367 1784 422 nequitiaque

180 432 331 481 victor,
353 432 530 473 classem
549 431 880 486 pulcherrimam
903 430 1051 486 populi
1071 430 1256 471 Romani
1277 430 1323 471 in
1343 431 1466 472 littus
1494 431 1713 486 expulsam
1743 440 1785 472 et

181 498 373 554 ejectam,
396 512 529 552 quum
549 497 737 552 primum
757 497 1126 551 invesperasceret,
1149 495 1406 537 inflammari
1426 496 1680 551 incendique
1695 497 1784 553 jus-

181 564 248 605 sit.
293 564 329 604 O
351 568 518 618 tempus
539 563 740 603 miserum
761 567 888 617 atque
910 562 1106 603 acerbum
1122 561 1365 616 provinciae
1386 561 1579 603 Siciliae!
1604 577 1628 603 o
1644 576 1787 603 casum

180 629 305 670 illum
335 628 481 669 multis
514 627 810 668 innocentibus
840 627 1134 668 calamitosum
1164 632 1291 681 atque
1321 626 1563 668 funestum!
1612 642 1635 668 ο
1665 626 1787 668 istius

181 693 419 749 nequitiam
440 708 487 733 ac
508 692 822 746 turpitudinem
843 692 1128 748 singularem!
1173 692 1273 733 Una
1295 698 1421 748 atque
1434 693 1581 734 eadem
1596 708 1682 734 nox
1698 691 1789 733 erat

183 775 267 815 qua
289 763 459 813 praetor
484 757 639 798 amoris
660 757 896 812 turpissimi
916 757 1100 807 flamma,
1123 757 1266 799 classis
1285 759 1432 813 populi
1452 758 1638 800 Romani
1667 773 1787 813 prae-

185 825 344 865 donum
374 822 571 864 incendio
601 821 903 877 conflagrabat.
976 822 1170 864 Affertur
1199 829 1322 865 nocte
1351 824 1606 879 intempesta
1645 823 1789 878 gravis

184 889 361 944 hujusce
381 887 485 929 mali
505 888 682 928 nuntius
703 887 955 943 Syracusas:
987 888 1173 929 curritur
1193 889 1247 930 ad
1266 889 1527 944 praetorium
1548 904 1631 944 quo
1660 889 1790 930 istum

185 969 239 995 ex
259 953 334 994 illo
354 953 570 1008 praeclaro
591 953 786 995 convivio
806 953 1065 995 reduxerant
1085 953 1211 1008 paulo
1227 959 1325 996 ante
1340 954 1538 996 mulieres
1554 969 1650 996 cum
1663 959 1791 995 cantu

184 1025 312 1075 atque
332 1018 598 1074 symphonia.
661 1018 918 1068 Cleomenes,
941 1034 1200 1074 quamquam
1219 1035 1306 1061 nox
1327 1025 1430 1070 erat,
1452 1025 1597 1061 tamen
1617 1019 1664 1060 in
1682 1019 1787 1074 pub-

186 1085 268 1127 lico
290 1100 377 1126 esse
397 1100 484 1126 non
505 1085 656 1126 audet:
689 1084 872 1126 includit
893 1101 936 1126 se
957 1085 1085 1135 domi,
1107 1101 1245 1140 neque
1267 1085 1412 1127 aderat
1433 1101 1541 1126 uxor
1561 1100 1669 1140 quae
1693 1099 1790 1126 con-

191 1151 319 1192 solari
338 1150 556 1192 hominem
576 1150 623 1191 in
642 1150 766 1191 malis
786 1156 939 1205 posset.
991 1150 1133 1207 Hujus
1150 1156 1293 1192 autem
1304 1151 1511 1206 praeclari
1525 1149 1791 1205 imperatoris

187 1217 249 1258 ita
279 1222 370 1258 erat
401 1231 546 1258 severa
576 1216 692 1257 domi
722 1216 949 1271 disciplina
969 1221 1017 1257 ut
1037 1217 1084 1257 in
1104 1232 1149 1257 re
1169 1221 1291 1257 tanta
1311 1222 1354 1257 et
1373 1221 1463 1257 tam
1494 1216 1616 1271 gravi
1639 1215 1791 1256 nuntio

187 1297 312 1323 nemo
333 1281 642 1331 admitteretur,
658 1296 782 1322 nemo
803 1286 911 1322 esset
932 1281 1007 1336 qui
1023 1282 1198 1323 auderet
1215 1286 1288 1322 aut
1303 1281 1586 1323 dormientem
1606 1281 1791 1322 excitare

188 1352 262 1388 aut
282 1346 555 1402 interpellare
576 1346 842 1401 vigilantem.
904 1347 933 1387 J
935 1363 1005 1388 am
1025 1363 1124 1388 vero
1145 1363 1190 1388 re
1211 1347 1263 1388 ab
1284 1346 1479 1388 omnibus
1499 1346 1671 1401 cognita
1692 1360 1790 1387 con-

189 1413 385 1454 cursabat
405 1412 509 1453 urbe
529 1416 619 1453 tota
639 1412 827 1452 maxima
847 1412 1103 1462 multitudo3
1135 1427 1223 1453 non
1243 1412 1370 1461 enim,
1399 1412 1507 1454 sicut
1540 1416 1630 1453 erat
1656 1426 1793 1466 nuper

189 1478 459 1526 consuetudo,
481 1478 744 1533 praedonum
766 1478 998 1518 adventum
1019 1477 1287 1532 significabat
1319 1477 1433 1533 ignis
1454 1493 1476 1518 e
1497 1476 1668 1532 specula
1694 1477 1790 1518 sub-

189 1544 302 1585 latus
332 1549 406 1584 aut
436 1543 614 1593 tumulo,
639 1543 712 1584 sed
741 1542 914 1584 flamma
934 1558 988 1584 ex
1007 1543 1098 1598 ipso
1119 1543 1315 1584 incendio
1342 1543 1518 1584 navium
1548 1547 1590 1584 et
1620 1541 1791 1583 calami-

190 1614 324 1650 tatem
345 1613 561 1663 acceptam
582 1614 624 1650 et
644 1608 882 1663 periculum
902 1608 1113 1663 reliquum
1134 1608 1372 1649 nuntiabat.

247 1673 461 1715 XXXVI.
496 1673 639 1720 Quum
668 1678 838 1728 praetor
868 1678 1142 1728 quaereretur
1177 1679 1219 1714 et
1258 1678 1470 1730 constaret
1508 1672 1724 1714 neminem
1756 1671 1795 1713 ei

190 1739 421 1789 nuntiasse,
444 1739 494 1780 fit
514 1739 568 1780 ad
589 1739 762 1780 domum
783 1739 872 1794 ejus
894 1754 991 1780 cum
1012 1739 1194 1780 clamore
1215 1754 1441 1780 concursus
1454 1745 1582 1794 atque
1597 1739 1792 1793 impetus.

191 1805 302 1847 Tum
322 1805 402 1847 iste
422 1805 631 1846 excitatus
647 1804 767 1845 audit
787 1820 878 1845 rem
897 1820 1066 1846 omnem
1088 1820 1141 1846 ex
1157 1805 1426 1846 Timarchide
1442 1820 1450 1846 ε
1481 1820 1631 1860 sagum
1651 1803 1792 1845 sumit.

193 1871 383 1912 Lucebat
400 1870 492 1926 jam
512 1870 623 1911 fere:
655 1869 846 1924 procedit
866 1870 913 1910 in
934 1870 1123 1910 medium
1146 1870 1249 1920 vini,
1283 1869 1432 1919 somni,
1464 1870 1601 1925 stupri
1630 1869 1793 1924 plenus.

193 1936 422 1991 Excipitur
443 1937 495 1977 ab
516 1936 712 1977 omnibus
733 1935 940 1990 ejusmodi
960 1935 1142 1976 clamore
1162 1941 1211 1976 ut
1244 1935 1282 1976 ei
1310 1935 1589 1990 Lampsaceni
1618 1934 1797 1990 periculi

194 2002 428 2044 similitudo
459 2006 698 2042 versaretur
729 2006 828 2041 ante
858 2001 1010 2042 oculos.
1093 2001 1187 2042 Hoc
1228 2001 1358 2042 etiam
1397 2001 1534 2057 majus
1573 2001 1798 2043 videbatur

196 2068 309 2123 quod
330 2068 375 2108 in
397 2067 492 2108 odio
514 2066 645 2107 simili
665 2066 895 2107 multitudo
917 2066 1140 2107 hominum
1170 2066 1274 2108 haec
1307 2071 1397 2107 erat
1428 2067 1627 2108 maxima.
1688 2066 1797 2107 Tum

196 2133 319 2174 istius
340 2138 433 2173 acta
455 2133 887 2183 commemorabatur3
920 2137 1013 2173 tum
1033 2131 1245 2186 flagitiosa
1264 2132 1340 2173 illa
1360 2132 1554 2173 convivia
1571 2147 1581 2182 ;
1612 2137 1706 2172 tum
1725 2146 1796 2186 ap-

198 2198 468 2253 pellabantur
481 2213 505 2239 a
525 2197 803 2239 multitudine
818 2197 1018 2238 mulieres
1038 2197 1293 2238 nominatim
1311 2212 1320 2247 ;
1352 2202 1446 2238 tum
1465 2198 1724 2251 quaerebant
1744 2212 1798 2237 ex

198 2263 289 2318 ipso
309 2263 464 2317 palam,
488 2267 552 2303 tot
572 2262 662 2303 dies
684 2263 920 2312 continuos,
943 2277 1019 2316 per
1054 2277 1158 2316 quos
1188 2277 1409 2316 nunquam
1439 2262 1554 2302 visus
1581 2267 1701 2311 esset,
1723 2262 1798 2302 ubi

200 2328 360 2376 fuisset,
383 2328 488 2382 quid
508 2328 663 2382 egisset
677 2328 697 2368 t>
727 2333 821 2369 tum
842 2328 1073 2382 imperator
1094 2327 1148 2367 ab
1168 2326 1248 2367 isto
1269 2325 1532 2381 praepositus
1553 2325 1799 2369 Cleomenes

246 2467 298 2497 35.
312 2466 614 2507 invesperasceret,]
641 2467 709 2497 The
724 2468 861 2508 reading
870 2468 907 2498 of
918 2468 947 2497 R
958 2473 980 2498 λ
1025 2468 1086 2507 Lg.
1104 2469 1146 2499 29
1163 2471 1172 2485 ‘
1184 2479 1200 2499 e
1216 2468 1368 2509 spelunca
1380 2469 1401 2505 3’
1425 2470 1561 2510 samples
1577 2471 1614 2502 of
1632 2472 1690 2503 the
1705 2472 1799 2503 blun-

204 2510 233 2541 G
246 2511 265 2540 2
282 2510 343 2540 Ld.
360 2509 421 2549 Lg.
439 2511 491 2546 29,
516 2510 622 2540 which
647 2510 663 2540 I
688 2510 769 2540 have
790 2521 862 2541 now
880 2511 981 2541 taken
1024 2511 1096 2542 ders
1112 2511 1217 2542 which
1233 2522 1329 2542 occur
1344 2512 1378 2542 in
1394 2512 1489 2544 MSS.

203 2553 331 2584 instead
346 2553 383 2583 of
395 2553 711 2593 ‘advesperasceret'
729 2553 786 2583 Gi
803 2553 886 2584 dett.
1069 2555 1121 2585 36.
1145 2555 1382 2596 Lampsaceni]
1431 2556 1502 2587 Lib.
1527 2558 1556 2587 1.
1581 2568 1607 2588 c.
1625 2557 1677 2594 27,
1693 2559 1801 2590 where

249 2596 334 2636 ignis
361 2607 377 2626 e
403 2595 553 2636 specula]
608 2597 637 2625 A
667 2596 788 2626 beacon
819 2597 906 2637 light
939 2607 981 2627 on
1027 2597 1215 2628 Hadrianus
1227 2599 1253 2628 is
1262 2599 1516 2630 mentioned.—‘
1526 2603 1600 2631 acta
1609 2611 1800 2633 commemo-

206 2650 293 2670 some
309 2639 483 2670 eminence.
522 2639 590 2669 The
607 2639 712 2669 Greek
729 2639 755 2669 is
766 2640 980 2680 φρυκτώριον;
1026 2641 1193 2671 rabatur?
1217 2642 1274 2672 the
1299 2642 1394 2672 MSS.
1422 2643 1558 2683 reading
1582 2644 1646 2674 and
1670 2645 1746 2676 that
1768 2645 1806 2676 of

207 2683 271 2713 and
288 2682 422 2721 φρυκτοί
437 2693 491 2712 are
501 2682 630 2713 torches
645 2693 681 2713 or
697 2682 791 2713 other
807 2683 981 2713 combusti·
1027 2684 1056 2713 V
1073 2684 1138 2715 also
1153 2685 1180 2715 is
1196 2688 1205 2702 ‘
1215 2687 1289 2715 acta
1305 2687 1663 2723 commemorabantur,'
1673 2688 1734 2718 but
1744 2688 1802 2718 the

207 2726 274 2755 bles
290 2726 417 2765 lighted
433 2726 482 2755 for
498 2725 628 2765 signals.
674 2725 831 2765 Compare
855 2726 982 2766 Thucy·
1027 2727 1163 2758 allusion
1179 2728 1205 2758 is
1220 2730 1256 2758 to
1271 2728 1328 2758 the
1346 2732 1354 2744 ‘
1365 2729 1461 2765 acta,'
1478 2730 1583 2760 where
1606 2730 1722 2761 Verres
1737 2731 1803 2761 had

209 2768 298 2798 clides
325 2769 383 2807 (iii.
409 2769 476 2809 22),
501 2769 634 2809 φρυκτοὶ
653 2791 660 2799 .
680 2792 687 2798 .
705 2791 712 2798 .
728 2768 894 2807 πολέμιοιι
919 2770 983 2800 and
1028 2770 1108 2801 been
1139 2771 1299 2811 spending
1328 2771 1378 2801 his
1408 2772 1488 2802 time
1521 2773 1555 2802 in
1586 2773 1801 2814 debauchery.

209 2811 398 2851 AeschyIuS,
423 2813 592 2851 Agamem.
608 2822 638 2842 v.
663 2813 716 2848 30,
740 2813 780 2843 ὡς
804 2813 820 2841 ὁ
845 2813 983 2852 φρυκτὸς
1028 2813 1104 2844 This
1120 2814 1146 2844 is
1162 2825 1204 2845 an
1219 2814 1425 2845 emendation
1446 2815 1483 2845 of
1502 2815 1683 2853 Hotmann,
1706 2827 1740 2847 as
1762 2817 1803 2847 he

210 2853 386 2893 ἀγγέλλων
401 2854 522 2895 πρέπει.
546 2855 575 2885 R
586 2865 635 2896 pr,
645 2865 687 2887 m.
698 2855 756 2889 has
769 2859 778 2874 ‘
790 2857 823 2889 et
833 2855 982 2899 specula,’
1027 2867 1099 2902 says
1108 2870 1118 2894 ς
1142 2857 1178 2888 of
1190 2857 1266 2888 Eric
1282 2857 1467 2895 Memmius,
1483 2868 1517 2889 as
1533 2858 1710 2890 Lambinus
1721 2869 1803 2900 say&
