1849 3167
526 121 653 165 AOT.
685 121 748 164 ΙΙ.
780 120 968 164 LIBER
998 120 1268 164 TERTIUS.
1623 122 1705 166 361

101 235 238 278 millia
257 251 481 278 nummum
500 252 576 292 pro
589 251 620 279 x
634 236 810 287 miserit,
828 236 908 278 sibi
929 235 1012 278 alia
1031 240 1250 291 praeterea
1271 240 1443 278 centum
1463 236 1705 287 confecerit,

102 302 240 357 primo
271 302 465 344 (lominus
495 304 671 358 ignarus
702 301 960 344 incommodi
990 302 1055 343 sui
1087 302 1282 357 gaudeat,
1315 302 1541 357 villieoque
1572 303 1707 344 delec-

103 373 217 408 tetur
238 368 350 422 quod
371 373 491 409 tanto
513 369 608 423 plus
630 368 710 410 sibi
737 367 942 409 mercedis
969 382 1023 408 ex
1043 367 1175 408 fundo
1202 367 1408 408 refectum
1429 367 1508 417 sit3
1541 369 1706 417 deinde,

104 448 236 488 quum
263 433 445 474 audierit
473 449 541 475 eas
574 449 639 475 res
671 433 823 489 quibus
851 432 974 474 fundi
1006 432 1169 473 fructus
1197 437 1239 474 et
1271 433 1438 474 cultura
1468 433 1710 474 continetur

104 503 265 540 amotas
287 504 328 539 et
349 499 555 549 venditas,
571 514 735 540 summo
757 498 963 553 supplicio
984 497 1177 540 villicum
1199 497 1354 538 afficiat
1375 503 1417 538 et
1439 513 1579 538 secum
1600 499 1711 539 male

104 568 247 605 actum
267 570 412 619 putet:
445 565 547 605 item
578 564 757 620 populus
787 563 1018 613 Romanus,
1041 579 1173 619 quum
1203 564 1323 605 audit
1355 563 1491 618 pluris
1515 564 1712 605 decumas

106 629 344 671 vendidisse
378 629 423 671 O.
458 630 640 671 Verrem
674 645 802 685 quam
841 629 1239 671 innocentissimum
1277 629 1493 671 hominem
1529 630 1598 670 cui
1633 630 1712 671 iste

104 695 312 744 successit,
338 694 383 736 C.
406 695 686 745 Sacerdotem,
709 700 832 750 putat
863 711 905 736 se
934 696 1095 736 bonum
1124 695 1170 736 in
1196 695 1457 737 arationibus
1480 695 1710 736 fructibus-

104 775 186 815 que
207 760 292 802 suis
312 760 507 802 habuisse
529 761 745 802 custodem
765 776 813 802 ac
836 760 1051 810 villicum3
1084 775 1218 815 quum
1238 761 1417 802 senserit
1438 761 1568 802 istum
1589 776 1713 802 omne

104 825 435 868 instrumentum
477 831 704 876 aratorum,
742 825 885 868 omnia
925 825 1112 867 subsidia
1146 825 1425 881 vectigalimn
1458 827 1712 877 vendidisse,

105 906 273 933 omnem
304 908 421 948 spem
451 891 711 948 posteritatis
742 891 922 933 avaritia
944 907 1018 933 sua
1039 890 1270 940 sustulisse,
1294 891 1504 933 arationes
1525 897 1567 932 et
1588 907 1714 947 agros

104 957 334 1012 vectigales
375 963 560 999 vastasse
607 962 734 1013 atque
774 956 1025 1006 exinanisse,
1068 956 1209 1011 ipsum
1258 956 1468 997 maximos
1515 963 1714 1012 quaestus

104 1023 365 1077 praedasque
405 1023 563 1072 fecisse,
605 1023 822 1078 intelliget
862 1038 1003 1064 secum
1044 1027 1187 1063 actum
1227 1036 1314 1063 esse
1354 1022 1547 1077 pessime,
1584 1023 1714 1064 istum

104 1092 247 1128 autem
268 1104 431 1130 summo
452 1088 658 1143 supplicio
680 1089 861 1143 dignum
882 1088 1155 1130 existimabit.

161 1153 237 1194 LI.
270 1153 397 1194 Unde
418 1168 520 1208 ergo
541 1154 620 1194 hoc
641 1153 829 1208 intelligi
848 1154 1020 1208 potest?
1080 1153 1150 1194 Ex
1170 1153 1249 1195 hoc
1270 1153 1456 1195 maxime
1477 1154 1590 1210 quod
1611 1169 1714 1210 ager

104 1219 362 1260 decumanus
401 1218 644 1273 provinciae
680 1218 849 1260 Siciliae
884 1223 1058 1273 propter
1097 1218 1219 1260 istius
1259 1220 1485 1261 avaritiam
1525 1220 1714 1261 desertus

104 1288 178 1324 est.
239 1283 390 1338 Neque
411 1283 456 1324 id
477 1283 613 1324 solum
635 1283 789 1325 accidit
809 1283 874 1324 uti
895 1283 1036 1325 minus
1064 1283 1210 1325 multis
1236 1284 1356 1339 jugis
1384 1290 1552 1326 ararent
1578 1286 1613 1326 si
1640 1285 1715 1341 qui

103 1349 148 1390 in
179 1348 294 1404 agris
324 1353 632 1398 remanserunt,
666 1349 739 1390 sed
769 1349 901 1391 etiam
930 1354 978 1390 ut
1007 1349 1212 1404 permulti
1241 1349 1471 1404 locupletes
1507 1351 1713 1400 homines,

103 1415 252 1470 magni
273 1419 315 1456 et
339 1414 440 1456 navi
471 1419 669 1464 aratores,
694 1430 819 1470 agros
848 1415 957 1456 latos
987 1430 1035 1456 ac
1056 1415 1219 1456 fertiles
1250 1415 1491 1456 desererent
1521 1421 1715 1471 totasque

104 1480 314 1522 arationes
344 1480 699 1535 derelinquerent.
762 1480 816 1521 Id
847 1481 950 1522 adeo
976 1480 1075 1521 sciri
1105 1480 1309 1522 facillime
1333 1486 1472 1535 potest
1497 1497 1551 1522 ex
1580 1481 1715 1522 literis

104 1546 284 1601 publicis
306 1545 542 1595 civitatum,
565 1550 790 1601 propterea
820 1546 934 1601 quod
963 1546 1059 1601 lege
1080 1546 1313 1587 Hieronica
1342 1562 1545 1588 numerus
1576 1552 1713 1588 arato-

105 1626 200 1652 rum
239 1611 465 1666 quotannis
506 1612 619 1665 apud
662 1611 939 1666 magistratus
982 1611 1151 1666 publice
1191 1612 1482 1654 subscribitur.
1563 1612 1715 1653 Recita

105 1676 280 1717 tandem
314 1681 417 1731 quot
447 1675 656 1730 acceperit
687 1681 873 1718 aratores
908 1677 1003 1732 agri
1038 1676 1240 1718 Leontini.
1271 1676 1452 1726 Verres3
1495 1690 1712 1717 Lxxxun:

106 1746 208 1796 quot
230 1756 340 1782 anno
361 1740 487 1781 tertio
509 1740 814 1795 profiteantur;
836 1755 979 1782 XXXII.
1012 1741 1108 1782 Duo
1130 1746 1172 1782 et
1193 1741 1507 1796 quinquaginta
1529 1747 1714 1783 aratores

106 1807 167 1848 ita
196 1806 319 1848 video
352 1804 535 1861 dejectos
570 1810 618 1846 ut
654 1805 721 1846 his
760 1820 813 1847 no
844 1806 994 1848 vicarii
1024 1807 1197 1861 quidem
1237 1807 1524 1847 successerint.
1600 1806 1714 1852 Quot

106 1877 290 1913 aratores
321 1871 573 1912 adveniente
603 1874 645 1911 te
673 1869 846 1911 fuerunt
877 1871 972 1925 agri
1002 1871 1300 1926 Mutycensis?
1333 1871 1551 1912 videamus
1579 1887 1631 1912 ex
1662 1871 1714 1912 li-

106 1937 208 1979 teris
229 1936 420 1993 publicis.
473 1949 698 1978 chxxvn.
751 1936 866 1985 Quid
887 1951 998 1978 anno
1020 1937 1183 1980 tertio?
1233 1950 1412 1979 Lxxxw.
1467 1936 1650 1978 Centum
1671 1941 1713 1978 et

150 2094 305 2134 refectum
321 2093 366 2123 sit
377 2091 407 2133 ‚·]
456 2092 517 2132 Lg.
542 2093 585 2122 42
609 2092 667 2122 has
691 2093 881 2132 ‘receptum
926 2092 1096 2132 sequently
1135 2092 1226 2122 these.
1270 2092 1463 2122 cultivators
1506 2092 1570 2123 had
1611 2093 1712 2124 about

106 2137 172 2173 sit‚’
190 2137 295 2168 which
312 2137 386 2167 does
402 2138 461 2166 not
477 2146 595 2176 uppem·
612 2138 646 2166 to
662 2136 700 2166 bc
717 2135 774 2166 tho
791 2135 882 2174 right
927 2137 992 2166 35t
1016 2135 1135 2175 jugeru
1162 2136 1280 2175 upiecc.
1335 2136 1465 2175 Among
1495 2136 1585 2166 them
1618 2137 1711 2167 thore

107 2180 207 2211 word.
255 2180 375 2219 Zumpt
395 2182 509 2219 quotes
526 2190 544 2209 a
560 2179 624 2209 like
651 2189 706 2210 use
731 2179 768 2209 of
788 2179 882 2209 ‘reli-
927 2189 991 2209 was
1029 2179 1103 2220 only
1139 2189 1198 2208 ouc
1239 2179 1407 2210 Leontino.
1470 2179 1641 2220 Fisty-two
1679 2180 1717 2211 of

109 2223 239 2254 ciatur’
256 2223 340 2252 from
358 2222 536 2257 paradoxa,
554 2222 596 2252 vi.
616 2223 644 2252 1.
931 2222 1022 2252 these
1049 2221 1252 2262 eighty-som·
1277 2232 1360 2252 wore
1384 2222 1510 2257 ruincd,
1536 2223 1599 2253 und
1625 2223 1712 2253 their

146 2265 377 2307 posterilale's]
426 2266 489 2296 ‘all
511 2266 592 2305 hope
609 2266 657 2296 sor
678 2264 734 2295 the
752 2264 885 2301 fut1u·c,'
931 2264 1022 2295 lunds
1047 2276 1130 2295 wei-c
1158 2265 1216 2296 lest
1244 2265 1480 2296 uncultivutcd.
1530 2266 1561 2297 lt
1587 2267 1643 2296 hus
1667 2267 1711 2296 ul.

106 2309 173 2341 like
190 2310 241 2341 ‘in
259 2309 508 2349 posteritatmm'
525 2320 552 2339 c.
569 2309 621 2338 55.
932 2308 1029 2348 ready
1048 2308 1127 2339 lwcn
1151 2308 1219 2338 said
1243 2308 1317 2339 thut
1335 2309 1390 2339 the
1407 2309 1516 2339 better
1531 2309 1660 2349 opinion
1685 2310 1712 2339 is

150 2363 255 2383 sec-um
275 2354 382 2381 (tt-lum
398 2350 645 2391 essepes.s·i1›w,]
694 2351 720 2379 Α
738 2360 886 2380 common
932 2351 1007 2381 thut
1031 2351 1097 2381 this
1115 2351 1272 2382 Leonlinc
1295 2352 1371 2382 lund
1389 2363 1452 2382 wus
1474 2352 1600 2382 llomun
1624 2353 1710 2387 laud,

108 2396 258 2432 formula,
275 2395 380 2427 which
398 2405 471 2435 may
483 2395 522 2424 bc.
537 2393 693 2424 rcmlcrotl
710 2394 887 2424 sonwwhut
931 2394 995 2424 mul
1013 2394 1086 2426 that
1104 2395 1129 2425 it
1142 2405 1206 2426 was
1223 2395 1327 2426 lons-ed
1344 2398 1378 2426 to
1394 2397 1537 2431 temnus,
1552 2396 1607 2426 the
1625 2396 1711 2432 lund,

108 2438 293 2478 ‹litl'erently
324 2438 499 2476 according
536 2440 570 2467 to
601 2437 644 2468 its
679 2437 886 2478 application.
932 2440 990 2468 not
1015 2437 1071 2469 the
1103 2438 1298 2469 ‘decumae’
1331 2438 1372 2479 (c.
1398 2439 1428 2475 G,
1457 2442 1533 2470 noto
1560 2450 1600 2469 on
1633 2440 1711 2469 ‘im-

110 2481 198 2512 Here
229 2481 256 2511 it
287 2491 396 2510 means
424 2481 502 2510 ‘the
531 2480 655 2511 Roman
681 2480 792 2519 lwoplc
818 2480 888 2510 well
933 2491 1046 2510 munes
1062 2483 1094 2511 ct
1111 2481 1226 2511 liberas
1238 2482 1272 2521 ¹).

109 2524 204 2555 know
231 2524 306 2555 that
333 2524 410 2564 they
438 2523 519 2554 have
544 2523 624 2552 bccn
651 2523 780 2555 trcntcd
804 2526 888 2556 most
975 2523 1110 2565 Nervii]
1158 2524 1235 2556 This
1259 2524 1346 2555 word
1370 2525 1446 2557 herc
1469 2525 1584 2566 simply
1603 2536 1712 2556 mouns

108 2566 353 2606 seandalously)
400 2566 557 2606 Compare
584 2566 645 2595 l'ro
671 2565 705 2596 l’.
723 2566 837 2602 Sestio,
860 2577 887 2597 c.
932 2577 991 2597 one
1008 2567 1080 2598 who
1102 2567 1194 2598 takes
1216 2568 1272 2598 tlw
1294 2568 1382 2608 plue(-
1399 2569 1436 2598 os
1455 2569 1602 2603 mmihi-r.
1621 2580 1654 2599 :is
1679 2570 1711 2600 in

109 2612 161 2642 23.
934 2610 1004 2643 Lib,
1022 2612 1052 2641 4.
1070 2622 1096 2641 c.
1118 2611 1170 2649 37,
1197 2611 1383 2642 ‘succedam
1409 2622 1469 2652 ogo
1493 2612 1631 2642 viem-ius
1655 2616 1712 2643 tuo

153 2654 205 2684 51.
229 2651 517 2694 derelinquerent]
546 2656 554 2670 ‘
568 2651 808 2691 rclinqxwreut’
826 2652 887 2692 Lg.
932 2654 1081 2686 muncri.'
1127 2654 1284 2696 Compare
1310 2654 1447 2692 Horace,
1465 2657 1484 2685 3
1501 2655 1608 2686 Cui-m.
1627 2655 1711 2687 xxiv.

107 2698 160 2727 42.
933 2697 974 2728 15
987 2709 993 2727 t

153 2739 228 2779 ayo-i
244 2737 414 2779 Leontini]
461 2737 529 2767 'rho
545 2737 653 2768 arublo
676 2737 752 2768 lund
774 2738 812 2767 of
829 2738 886 2769 tho

109 2793 187 2823 ager
209 2781 388 2811 Leontinus
404 2791 468 2811 wns
491 2782 611 2816 30,0‹)O
627 2781 745 2821 jugeru
762 2780 802 2822 (c.
819 2781 886 2823 40).
986 2785 1007 2800 “
1018 2781 1282 2822 Defunctumque
1297 2781 1461 2811 laboribus

112 2826 218 2856 When
236 2824 352 2854 Verres
376 2834 465 2854 cume
488 2826 523 2854 to
542 2824 652 2865 Sicily,
669 2824 696 2854 it
712 2834 776 2854 was
792 2824 887 2855 culti·
1061 2825 1197 2866 Aequali
1213 2827 1338 2856 recreat
1354 2828 1441 2856 sorte
1457 2824 1630 2856 vicurius.’'

110 2868 209 2901 vated
231 2868 274 2909 by
298 2867 500 2908 eighty-four
524 2866 710 2905 ‘arsum-es:
733 2867 798 2898 and
813 2877 886 2899 cou-
