1849 3167
561 128 687 170 AOT.
720 127 783 170 II.
816 127 1003 169 LIBER
1033 127 1276 171 PRIMUS.
1638 132 1718 173 135

120 256 196 296 per
214 241 329 284 hunc
351 247 493 298 gestae
514 249 612 285 sunt
633 259 764 299 quum
783 242 862 285 iste
874 242 1119 284 civitatibus
1135 242 1408 293 frumentum,
1424 244 1547 295 coria,
1567 244 1717 298 cilicia,

70 359 72 361 ‚
121 322 258 349 saccos
298 308 538 364 imperaret,
571 325 707 365 neque
737 325 786 350 ea
816 314 1000 350 sumeret
1045 324 1205 364 proque
1235 309 1303 350 his
1333 309 1456 350 rebus
1496 312 1720 365 pecuniam

121 370 436 429 exigeret—his
457 374 699 416 nominibus
729 374 826 416 solis
857 374 934 415 Cn.
958 374 1204 416 Dolabellae
1235 373 1312 415 HS
1343 375 1396 415 ad
1426 375 1569 417 tricies
1598 377 1720 419 litem

121 453 208 480 esse
248 440 525 482 aestimatam.
589 441 706 487 Quae
740 440 882 482 omnia
914 440 1081 482 etiamsi
1115 440 1335 481 voluntate
1371 439 1617 483 Dolabellae
1646 443 1718 484 fie-

120 504 236 555 bant,
277 520 353 560 per
391 507 521 548 istum
560 512 704 548 tamen
744 505 887 548 omnia
927 506 1198 561 gerebantur.
1272 505 1512 548 Consistam
1551 506 1597 547 in
1636 523 1720 550 uno

120 571 319 613 nomine:
350 572 486 613 multa
505 573 620 614 enim
640 577 738 614 sunt
759 588 813 614 ex
833 572 980 613 eodem
1008 587 1174 627 genere.
1236 571 1401 613 Recita.
1461 585 1519 613 DE
1550 586 1721 614 LITIBVS

120 648 377 678 AESTIMATIS
418 652 483 679 CN.
526 652 812 680 DOLABELLAE
852 651 922 679 PR.
964 651 1185 679 PECVNIAE
1225 652 1466 679 REDACTAE.
1528 653 1643 682 QVOD
1692 653 1721 680 A

121 714 324 744 COMMVNI
345 717 594 745 MILYADVM.
656 704 714 746 Te
749 704 852 745 haec
884 703 1084 759 coegisse,
1121 708 1164 745 te
1197 703 1450 754 aestimasse,
1484 704 1566 746 tibi
1594 719 1719 760 pecu-

119 766 236 808 niam
256 774 522 810 numeratam
542 785 630 811 esse
650 769 766 811 dico:
799 769 1028 824 eademque
1048 768 1092 810 vi
1113 776 1155 810 et
1175 768 1347 825 injuria,
1370 784 1502 825 quum
1521 769 1722 825 pecunias

119 833 334 877 maximas.
347 849 528 890 cogeres,
550 851 626 890 per
647 851 790 877 omnes
809 840 950 890 partes
970 834 1213 890 provinciae
1233 840 1276 876 te
1296 839 1514 890 tamquam
1535 835 1723 891 aliquam

121 899 408 942 calamitosam
427 906 722 956 tempestatem
741 906 985 956 pestemque
1005 901 1236 956 pervasisse
1257 901 1510 943 demonstro.
1568 901 1722 957 Itaque

121 965 181 1006 M.
205 965 397 1017 Scaurus,
421 967 495 1023 qui
516 967 591 1008 Cn.
615 967 881 1009 Dolabellam
911 966 1134 1016 accusavit,
1168 966 1299 1008 istum
1330 966 1376 1007 in
1408 982 1483 1009 sua
1513 972 1722 1023 potestate

121 1046 169 1072 ac
212 1032 372 1074 ditione
412 1033 563 1074 tenuit.
624 1033 766 1074 Homo
798 1032 1038 1074 adolescens
1070 1048 1202 1088 quum
1233 1032 1356 1074 istius
1388 1032 1435 1073 in
1466 1033 1722 1088 inquirendo

119 1097 256 1139 multa
289 1098 403 1140 furta
435 1114 482 1140 ac
514 1098 680 1154 flagitia
712 1104 945 1154 cognosset,
968 1098 1070 1140 fecit
1090 1098 1226 1154 perite
1247 1103 1289 1139 et
1310 1098 1488 1140 callide:
1519 1099 1722 1141 volumen

119 1163 209 1219 ejus
244 1179 386 1205 rerum
421 1170 636 1220 gestarum
665 1165 902 1206 maximum
935 1164 1007 1205 isti
1042 1163 1252 1205 ostendit:
1300 1164 1354 1205 ab
1393 1164 1567 1206 homine
1607 1179 1717 1220 quae

119 1229 255 1271 voluit
286 1230 333 1270 in
365 1230 632 1272 Dolabellam
661 1230 861 1280 abstulit;
893 1229 1024 1270 istum
1054 1233 1208 1270 testem
1242 1229 1469 1284 produxit:
1502 1229 1613 1271 dixit
1642 1230 1723 1272 iste

120 1310 227 1350 quae
247 1295 356 1336 velle
377 1300 661 1337 accusatorem
682 1295 863 1351 putavit.
927 1294 1021 1341 Quo
1043 1310 1096 1336 ex
1117 1310 1272 1350 genere
1303 1294 1413 1336 mihi
1442 1295 1617 1337 testium
1647 1295 1723 1352 qui

120 1376 217 1403 cum
237 1360 319 1402 isto
340 1361 471 1403 furati
506 1367 605 1403 sunt
626 1361 662 1403 si
681 1361 747 1402 uti
766 1360 992 1402 voluissem
1021 1376 1180 1417 magna
1213 1361 1333 1416 copia
1364 1360 1539 1412 fuisset,
1571 1361 1646 1417 qui
1674 1366 1723 1403 ut

121 1442 164 1468 se
183 1427 370 1482 periculo
390 1427 533 1469 litium
552 1426 850 1484 conjunctione
870 1426 1097 1468 criminum
1112 1427 1356 1477 liberarent,
1375 1442 1458 1483 quo
1474 1442 1553 1482 ego
1568 1427 1723 1469 vellem

121 1493 390 1535 descensuros
410 1494 730 1549 pollicebantur.
791 1493 953 1534 Eorum
973 1508 1052 1549 ego
1083 1493 1348 1534 voluntatem
1378 1493 1568 1534 omnium
1597 1509 1720 1548 repu-

120 1558 248 1600 diavi.
309 1559 408 1601 Non
428 1560 552 1601 modo
573 1558 781 1615 proditori
802 1559 874 1600 sed
893 1574 947 1600 ne
966 1558 1173 1615 perfugae
1193 1559 1365 1614 quidem
1396 1558 1512 1600 locus
1541 1559 1588 1600 in
1617 1559 1722 1600 meis

121 1624 268 1666 castris
301 1625 499 1681 cuiquam
531 1625 625 1667 fuit.
686 1625 886 1667 Forsitan
918 1625 1111 1666 meliores
1145 1624 1212 1665 illi
1244 1629 1505 1666 accusatores
1536 1624 1723 1666 habendi

121 1690 208 1732 sint
227 1690 302 1746 qui
321 1691 425 1733 haec
445 1691 588 1733 omnia
607 1691 812 1733 fecerunt.
873 1690 944 1732 Ita
964 1695 1051 1732 est:
1084 1691 1157 1732 sed
1178 1706 1257 1746 ego
1278 1690 1541 1732 defensorem
1561 1690 1606 1731 in
1627 1705 1722 1731 mea

121 1772 311 1812 persona,
333 1772 420 1798 non
439 1762 725 1799 accusatorem
744 1756 930 1798 maxime
950 1756 1117 1798 laudari
1136 1756 1243 1797 volo.
1305 1756 1509 1797 Rationes
1529 1756 1583 1797 ad
1604 1771 1719 1797 aera-

121 1823 234 1864 rium
255 1827 482 1878 antequam
501 1822 722 1864 Dolabella
743 1823 1046 1864 condemnatus
1067 1827 1129 1864 est
1149 1837 1236 1863 non
1268 1823 1395 1864 audet
1427 1822 1606 1864 referre:
1640 1822 1718 1864 im-

121 1893 263 1944 petrat
294 1904 318 1930 a
353 1893 501 1930 senatu
537 1893 583 1929 ut
617 1889 706 1930 dies
741 1889 822 1930 sibi
852 1894 1164 1944 prorogaretur,
1199 1889 1311 1943 quod
1343 1887 1507 1929 tabulas
1537 1903 1632 1929 suas
1667 1888 1720 1929 ab

123 1953 432 1996 accusatoribus
467 1953 711 1995 Dolabellae
743 1953 986 2010 obsignatas
1011 1953 1181 2003 diceret,
1213 1953 1390 2009 proinde
1422 1953 1543 2009 quasi
1563 1953 1718 1996 exscri-

161 2105 290 2136 proque
312 2095 362 2125 Izi-s·
389 2093 500 2135 rebus]
548 2093 648 2123 Orelli
674 2093 771 2124 omits
796 2093 900 2134 ‘que‚'
946 2092 1011 2133 (Ad
1028 2093 1100 2123 Att.
1117 2103 1147 2122 v.
1166 2091 1233 2132 11).

123 2143 277 2179 eontrar)⁷
293 2141 328 2169 to
345 2139 401 2169 the
417 2139 488 2169 best
506 2137 612 2173 MSS„
623 2137 687 2167 and
699 2139 851 2178 contrary
865 2140 900 2167 to

123 2183 180 2214 the
196 2193 295 2221 usage
311 2183 348 2212 of
359 2183 416 2213 the
432 2182 593 2221 lang-uage
607 2193 616 2217 ;
641 2182 700 2216 for,
724 2191 757 2211 as
779 2181 899 2220 Zumpt

123 2227 282 2262 observes,
313 2230 321 2243 ‘
335 2237 397 2266 que
408 2226 416 2239 ³
446 2226 472 2255 is·
500 2225 590 2255 often
619 2224 697 2254 used
724 2225 774 2254 for
798 2228 806 2241 ‘
819 2224 897 2260 sed?

122 2270 218 2301 when
230 2270 257 2300 it
270 2270 295 2299 is
307 2269 465 2310 preceded
475 2269 517 2309 by
525 2279 541 2298 11
556 2268 898 2307 negatum—¹etiamsi

124 2314 294 2344 voluntate
312 2336 318 2343 .
344 2336 351 2343 .
375 2316 486 2343 tamen
503 2312 609 2342 1111111111
623 2311 645 2341 :'
670 2311 782 2342 Cicero
802 2322 897 2351 gene-

123 2357 217 2398 rally,
248 2357 282 2386 in
310 2357 401 2387 these
426 2356 579 2391 orations,
607 2366 679 2385 uses
704 2355 898 2386 ‘tametsi——

123 2400 257 2431 tamen!

167 2442 413 2483 ealamilosam]
462 2442 520 2473 See
538 2441 608 2471 Lib.
625 2443 656 2472 3.
673 2451 700 2471 e.
716 2442 768 2472 98.

168 2485 455 2526 Forsitan—sint]
497 2485 596 2515 Orelli
610 2485 668 2515 has
680 2488 689 2501 ‘
699 2487 776 2515 sunt
789 2484 814 2521 ;'
837 2485 898 2516 but

124 2531 152 2561 it
168 2541 302 2570 appears
317 2530 392 2560 that
409 2530 521 2560 Cicero
537 2539 608 2558 uses
625 2532 633 2545 ‘
644 2529 781 2559 forsit-au
791 2528 800 2541 ’
817 2529 897 2559 with

124 2574 182 2605 the
199 2573 404 2613 subjunctive
423 2572 582 2613 (Zumpt).

169 2617 236 2646 dies
242 2627 424 2656 *prom-qa
430 2618 476 2646 rol
481 2626 497 2644 η
503 2615 546 2655 13]

125 2660 240 2690 should
265 2660 304 2690 be
329 2659 511 2689 exten‹led.'

125 2704 194 2734 said
226 2706 457 2743 ‘prorogatum
483 2702 676 2742 imperium,'
707 2706 742 2733 to
772 2713 898 2742 express

126 2748 182 2778 the
206 2747 432 2787 prolongatiou
457 2747 494 2775 os
516 2757 533 2775 11
561 2746 662 2776 111111ιέ
687 2746 897 2786 ‘imperium’

127 2790 193 2830 (Ad
209 2792 247 2827 Q.
263 2790 315 2820 Fr.
333 2790 353 2820 i.
372 2791 400 2819 1.
419 2789 450 2830 l)
465 2802 472 2819 z
496 2789 614 2825 111111,111
631 2790 687 2820 the
703 2800 899 2826 sumesense,

126 2834 238 2866 Cicero
253 2844 325 2875 says
337 2838 345 2850 ‘
355 2844 396 2864 ne
408 2832 573 2874 provincia
585 2833 675 2864 nobis
685 2836 878 2874 prorogetur
890 2833 900 2846 ’

588 2615 682 2646 ‘that
721 2615 778 2646 the
817 2615 897 2646 time

557 2658 645 2689 'rhus
671 2659 728 2689 the
759 2659 898 2689 Romans

983 2136 1125 2177 proinde
1149 2134 1260 2176 quasi]
1288 2135 1375 2175 ‘just
1399 2146 1433 2166 as
1459 2135 1488 2166 if
1506 2136 1546 2166 he
1570 2136 1635 2166 had
1660 2139 1719 2167 not

944 2180 1001 2210 the
1017 2190 1124 2220 power
1140 2181 1177 2209 ot'
1189 2179 1306 2217 taking
1323 2179 1449 2219 copies!
1501 2184 1509 2196 ‘
1522 2180 1662 2209 Proinde
1675 2180 1681 2191 ’
1695 2181 1720 2210 is

943 2224 1033 2254 often
1050 2223 1127 2253 used
1144 2223 1221 2253 thus
1235 2223 1314 2253 with
1329 2227 1337 2239 ‘
1349 2223 1462 2263 quasi?
1509 2223 1596 2264 (Ter.
1615 2223 1719 2254 Haut.

942 2267 962 2296 i.
982 2268 1010 2297 1.
1030 2268 1092 2303 13;
1117 2267 1248 2302 Sallust,
1273 2267 1345 2297 Cat.
1371 2278 1397 2296 e.
1422 2266 1487 2307 12.)
1535 2272 1543 2283 ‘
1559 2267 1720 2297 Proinde'

942 2310 968 2340 is
984 2321 1044 2341 one
1059 2311 1096 2340 of
1108 2310 1165 2341 the
1181 2310 1363 2350 eompound
1384 2310 1483 2340 forins
1499 2311 1536 2340 of
1556 2316 1563 2327 ⁶
1574 2310 1671 2347 inde,’
1688 2310 1725 2340 of

942 2354 1048 2384 which
1072 2354 1165 2385 there
1188 2364 1243 2384 ure
1267 2353 1425 2389 ‘exinde‚'
1448 2354 1607 2389 ‘deinde,’
1626 2354 1719 2383 ‘snb-

941 2398 1038 2428 inde.'
1077 2402 1086 2415 ‘
1100 2397 1239 2428 Perinde
1252 2397 1261 2410 ’
1274 2397 1300 2427 is
1316 2397 1453 2437 perhaps
1470 2401 1527 2428 not
1549 2408 1566 2427 11
1579 2398 1719 2436 genuine

941 2442 1035 2471 form.
1084 2442 1157 2481 (See
1184 2440 1283 2482 Key's
1312 2440 1385 2471 Lat.
1414 2441 1525 2471 Grnm.
1557 2441 1623 2471 21111
1654 2441 1718 2480 ed.)

943 2484 981 2515 In
1006 2485 1062 2515 the
1086 2485 1251 2523 following
1278 2484 1424 2524 chapter,
1453 2484 1563 2518 Orelli,
1588 2485 1719 2524 Zumpt,

941 2529 1006 2559 111111
1024 2528 1122 2559 Klotz
1145 2529 1228 2558 have
1252 2532 1259 2544 ‘
1273 2528 1428 2568 perinde?
1475 2528 1595 2567 Zumpt
1617 2528 1719 2558 mnin-

941 2572 1028 2602 tains
1052 2572 1110 2603 the
1137 2572 1298 2602 existence
1324 2572 1360 2601 os
1384 2571 1558 2611 ‘pel-indes
1587 2571 1651 2601 und
1678 2571 1718 2601 he

941 2619 1100 2656 attempt>=
1125 2618 1160 2645 to
1186 2615 1281 2645 make
1308 2625 1327 2644 a
1353 2615 1543 2644 distinetion
1572 2614 1717 2645 between

941 2659 998 2690 the
1014 2659 1168 2697 meaning
1183 2660 1220 2688 of
1232 2659 1288 2688 the
1305 2661 1370 2688 two
1387 2658 1501 2688 words.
1539 2658 1606 2688 The
1624 2658 1718 2687 MSS.

942 2713 996 2733 are
1020 2706 1077 2733 not
1101 2702 1238 2732 ‹leeisive
1262 2702 1430 2741 authority
1457 2702 1489 2731 in
1513 2712 1531 2732 11
1548 2704 1670 2731 mutter
1686 2701 1724 2730 of

943 2746 1009 2776 this
1026 2746 1115 2781 kind,
1133 2745 1196 2775 111111
1214 2745 1292 2785 they
1318 2745 1392 2784 give
1409 2745 1487 2775 1111111
1508 2746 1618 2779 forms,
1635 2756 1669 2774 ns
1686 2745 1716 2773 in

944 2790 1010 2820 this
1048 2800 1191 2829 passage.
1236 2789 1385 2829 Analogy
1418 2788 1444 2818 is
1478 2789 1511 2818 in
1543 2788 1657 2819 fanvour
1686 2788 1723 2817 os

946 2833 1099 2873 ‘proinde
1112 2833 1120 2845 ’
1137 2833 1223 2873 only.
