1849 3167
166 119 250 161 356
751 119 821 163 IN
853 119 897 162 O.
930 118 1187 162 VERREM

166 248 245 275 XVI
280 233 482 274 millibus.
543 233 717 290 Magno,
747 233 924 290 judices,
959 248 1140 289 magno;
1178 248 1316 289 neque
1348 233 1463 276 enim
1488 235 1567 278 hoc
1602 252 1771 292 possum

165 314 335 354 negare.
398 299 551 355 Itaque
581 315 748 341 necesse
779 305 841 341 est
871 305 944 340 aut
975 300 1178 340 damnum
1209 305 1283 340 aut
1307 305 1419 341 certe
1449 315 1534 342 non
1564 318 1770 357 magnum

164 364 331 405 lucrum
361 364 508 406 fecisse
549 366 813 406 decumanos.
875 364 970 405 Hoc
1007 364 1122 405 enim
1162 364 1268 406 solet
1307 380 1387 406 usu
1422 366 1567 407 venire
1602 367 1654 408 iis
1695 368 1769 422 qui

165 445 323 484 magno
353 431 636 471 redemerunt.
700 430 814 475 Quid
845 428 880 470 si
910 430 1084 470 ostendo
1114 429 1160 470 in
1194 430 1274 471 hac
1305 446 1390 471 una
1420 431 1632 485 emptione
1661 432 1770 473 lucri

165 494 259 536 fieri
280 495 413 536 tritici
433 496 622 536 modium
645 495 700 535 c?
721 495 825 549 quid
846 495 881 535 si
902 509 947 535 00
961 495 981 536 Ρ
1003 495 1107 550 quid
1128 495 1163 536 si
1184 496 1286 536 ccc?
1308 496 1412 550 quid
1431 495 1466 537 si
1487 510 1580 537 CCCC
1599 497 1735 538 millia
1750 498 1770 538 ‚9

166 560 417 602 dubitabitis
438 561 566 601 etiam
587 559 654 600 cui
675 559 755 600 ista
777 565 896 600 tanta
919 561 1076 615 praeda
1101 560 1291 615 quaesita
1322 561 1410 601 sit?
1469 561 1676 616 Iniquum
1702 578 1770 604 me

167 640 254 667 esse
279 626 488 681 quispiam
514 625 625 665 dicet
652 625 726 680 qui
750 640 802 665 ex
832 625 941 666 lucri
971 626 1269 680 magnitudine
1290 626 1575 681 conjecturam
1605 627 1771 682 capiam

167 691 273 732 furti
303 696 429 745 atque
458 691 650 744 praedae.
715 690 830 736 Quid
862 691 898 731 si
931 691 1069 740 doceo,
1099 691 1276 747 judiceS,
1310 706 1379 732 eos
1411 691 1485 746 qui
1519 706 1625 732 0000
1656 693 1767 734 mod.

166 756 275 797 lucri
310 756 472 796 faciunt
505 756 710 796 damnum
741 755 924 797 facturos
959 756 1101 805 fuisse,
1137 756 1171 797 si
1204 761 1278 797 tua
1305 756 1521 811 iniquitas,
1556 758 1592 798 si
1622 758 1687 799 tui
1717 774 1771 799 ex

167 821 336 862 cohorte
357 825 670 875 recuperatores
693 835 780 862 non
801 821 1126 871 intercederent,
1149 837 1254 862 num
1275 822 1369 876 quis
1394 821 1549 876 poterit
1573 822 1620 863 in
1649 828 1770 864 tanto

166 886 283 927 lucro
313 891 517 941 tantaque
544 886 771 941 iniquitate
792 887 986 928 dubitare
1007 887 1112 941 quin
1141 892 1314 942 propter
1343 887 1659 942 improbitatem
1679 894 1770 930 tam

166 967 344 1007 magnos
365 957 562 1008 quaestus
584 952 746 1003 feceris,
768 957 941 1008 propter
968 953 1312 1008 magnitudinem
1332 958 1529 1008 quaestus
1553 953 1770 1008 improbus

167 1033 254 1059 esse
275 1018 492 1059 volueris?

223 1083 413 1125 XLVII.
449 1083 668 1130 Quomodo
692 1083 826 1139 igitur
853 1083 933 1125 hoc
961 1099 1169 1139 assequar,
1187 1084 1364 1140 judices,
1396 1089 1444 1125 ut
1475 1083 1603 1126 sciam
1634 1100 1768 1140 quan-

165 1153 258 1190 tum
284 1149 393 1190 lucri
413 1149 574 1191 factum
601 1150 689 1191 sit?
719 1165 805 1190 non
830 1165 884 1190 ex
903 1149 1086 1205 Apronii
1107 1151 1263 1192 tabulis
1290 1166 1393 1206 quas
1418 1165 1497 1205 ego
1518 1166 1650 1205 quum
1670 1165 1768 1191 con-

167 1215 379 1270 quirerem
410 1231 496 1256 non
536 1215 694 1265 inveni,
730 1220 771 1256 et
804 1231 936 1270 quum
970 1216 1016 1256 in
1043 1216 1115 1272 jus
1150 1216 1290 1270 ipsum
1326 1216 1465 1265 eduxi,
1500 1215 1686 1270 expressi
1720 1220 1770 1256 ut

167 1280 370 1321 conficere
407 1296 449 1321 se
482 1280 647 1321 tabulas
678 1286 867 1336 negaret.
930 1280 975 1322 Si
1001 1281 1299 1331 mentiebatur,
1329 1281 1603 1336 quamobrem
1632 1296 1767 1322 remo-

165 1346 292 1387 vebat
316 1345 352 1387 si
380 1345 461 1387 hae
491 1346 660 1387 tabulae
683 1347 794 1387 nihil
824 1346 904 1387 tibi
928 1351 1049 1387 erant
1073 1346 1279 1388 offuturae
1293 1348 1313 1388 ⁶?
1372 1345 1417 1387 Si
1438 1346 1610 1387 omnino
1630 1346 1770 1387 nullas

167 1410 405 1452 confecerat
439 1411 596 1461 literas,
619 1427 673 1453 ne
707 1412 751 1453 id
781 1412 953 1467 quidem
986 1412 1087 1453 satis
1123 1412 1338 1467 significat
1372 1411 1495 1452 illum
1526 1426 1613 1452 non
1645 1426 1768 1452 suum

165 1477 388 1531 negotium
428 1477 638 1531 gessisse?
710 1478 775 1518 Ea
815 1482 877 1518 est
917 1477 1032 1518 enim
1072 1477 1181 1519 ratio
1220 1478 1550 1518 decumanorum
1590 1481 1638 1517 ut
1678 1477 1769 1518 sine

165 1542 361 1597 plurimis
388 1542 523 1583 literis
551 1542 701 1583 confici
730 1558 815 1584 non
839 1543 995 1598 possit:
1028 1543 1197 1598 singula
1221 1543 1336 1584 enim
1359 1542 1531 1583 nomina
1553 1547 1768 1583 aratorum

167 1612 208 1648 et
230 1623 326 1648 cum
347 1607 527 1662 singulis
546 1608 761 1662 pactiones
782 1609 1110 1649 decumanorum
1130 1608 1265 1649 literis
1285 1607 1481 1663 persequi
1501 1612 1543 1649 et
1564 1607 1768 1649 conficere

166 1688 332 1714 necesse
363 1678 437 1714 est.
498 1673 660 1728 Jugera
691 1673 869 1728 professi
903 1679 1002 1714 sunt
1033 1688 1177 1714 omnes
1212 1678 1396 1714 aratores
1430 1673 1608 1727 imperio
1641 1678 1768 1727 atque

166 1738 363 1779 instituto
390 1743 487 1779 tuo:
521 1753 607 1779 non
635 1739 784 1793 opinor
808 1754 1064 1794 quemquam
1096 1739 1237 1779 minus
1264 1754 1351 1779 esse
1378 1738 1612 1793 professum
1638 1753 1767 1793 quam

167 1809 375 1859 quantum
411 1809 580 1853 arasset,
613 1819 744 1859 quum
782 1810 846 1845 tot
883 1820 1037 1854 cruces,
1069 1809 1133 1845 tot
1169 1804 1387 1859 supplicia,
1419 1808 1483 1845 tot
1514 1819 1567 1845 ex
1597 1804 1768 1845 cohorte

165 1874 479 1924 recuperatores
508 1875 857 1924 proponerentur.
919 1869 973 1910 In
995 1870 1148 1926 jugero
1170 1869 1371 1911 Leontini
1390 1869 1485 1925 agri
1504 1869 1768 1910 medimnum

167 1935 256 1977 fere
285 1935 420 1976 tritici
450 1935 603 1976 seritur
632 1941 837 1990 perpetua
867 1940 994 1991 atque
1021 1935 1233 1991 aequabili
1257 1935 1430 1976 satione.
1492 1934 1612 1990 Ager
1639 1934 1768 1976 efficit

212 2094 271 2114 usu
287 2083 412 2125 venire]
453 2086 507 2115 ‘to
522 2083 673 2125 happen?
707 2083 835 2121 Caesar,
853 2084 891 2115 B.
909 2084 948 2116 G.
1037 2083 1105 2115 The
1117 2083 1314 2125 ‘pactiones'
1327 2094 1380 2114 are
1391 2083 1447 2114 the
1458 2084 1662 2123 agreements
1671 2083 1767 2113 made

169 2126 224 2156 vii.
235 2128 266 2163 9,
285 2131 293 2143 ‘
304 2138 363 2157 usu
374 2128 536 2163 ventura,³
547 2128 611 2158 and
622 2128 685 2158 Pro
698 2128 736 2165 Q.
750 2128 844 2159 Rosc.
858 2128 947 2159 Com.
992 2128 1139 2158 between
1152 2128 1208 2158 the
1220 2132 1228 2144 ‘
1239 2129 1383 2157 aratores
1393 2127 1401 2139 ³
1412 2127 1477 2156 and
1488 2127 1545 2156 the
1559 2126 1766 2156 ‘decumani'

171 2180 198 2199 0.
216 2171 323 2199 11.—‘
334 2171 470 2210 conject.
487 2171 626 2207 faciam,³
652 2170 762 2201 Orelli.
992 2172 1045 2201 All
1057 2171 1133 2202 that
1145 2171 1202 2201 the
1219 2173 1228 2187 ‘
1240 2169 1411 2200 decumani
1423 2170 1431 2182 ³
1445 2169 1539 2199 could
1551 2169 1691 2199 demand
1702 2180 1768 2199 was

214 2212 267 2244 47.
286 2213 475 2254 pactiones]
524 2214 706 2250 ‘Pactumss
739 2214 888 2254 ‘pactio,'
918 2214 945 2245 is
990 2215 1047 2244 the
1073 2215 1247 2244 ‘decumae
1257 2213 1278 2249 ,·’
1313 2213 1373 2242 but
1398 2222 1495 2252 many
1519 2214 1767 2252 arrangements

171 2255 228 2285 the
252 2257 384 2295 general
407 2256 535 2286 Roman
557 2259 643 2287 term
667 2258 716 2287 for
740 2268 803 2298 any
834 2268 944 2297 agree·
989 2258 1098 2297 might
1113 2257 1152 2286 be
1168 2256 1261 2286 made
1277 2256 1423 2285 between
1439 2255 1496 2285 the
1510 2265 1625 2295 payers
1641 2255 1705 2284 and
1717 2265 1766 2285 re-

172 2301 283 2334 ment,
307 2299 396 2328 and‘
408 2310 466 2338 agr
469 2300 611 2329 ce'ment
628 2300 654 2329 is
670 2300 727 2330 the
740 2311 839 2340 genei
841 2301 871 2330 ’11
882 2301 946 2330 and
991 2301 1114 2330 ceivers
1129 2300 1179 2329 for
1195 2298 1324 2329 mutual
1349 2298 1573 2334 convenience,
1590 2308 1626 2327 or
1641 2298 1765 2334 rather,

172 2352 251 2371 non—
242 2342 416 2372 —technical
432 2342 545 2381 Englis
541 2343 569 2372 h
586 2354 613 2372 w
616 2353 652 2372 01
654 2343 675 2372 d
690 2325 758 2373 foro
755 2354 818 2383 ·1113v
835 2354 945 2383 agree·
991 2343 1113 2382 mainly
1126 2343 1176 2372 for
1187 2342 1244 2372 the
1256 2341 1469 2371 convenience
1483 2341 1519 2371 of
1530 2341 1587 2371 the
1597 2341 1765 2377 receivers,

172 2387 274 2420 ment,
302 2384 431 2424 though
458 2385 515 2415 the
540 2386 675 2425 huy-cis
699 2386 781 2416 have
805 2386 891 2416 tried
913 2389 949 2416 to
993 2386 1044 2416 for
1068 2396 1128 2415 one
1151 2385 1272 2415 seldom
1296 2384 1390 2414 hears
1421 2384 1458 2414 of
1478 2394 1541 2424 any
1572 2384 1767 2424 tax—paying

172 2430 302 2458 torture
333 2427 361 2457 it
392 2428 463 2457 into
494 2438 512 2457 a
543 2428 705 2458 tcthnieal
736 2439 763 2458 u
767 2429 834 2459 or.(l
881 2429 948 2459 The
994 2430 1227 2467 arrangement
1242 2427 1336 2457 made
1360 2427 1410 2457 for
1433 2427 1490 2457 the
1514 2427 1631 2467 special
1647 2437 1718 2457 ease
1733 2428 1772 2457 of

175 2471 303 2501 curious
319 2481 394 2510 may
411 2481 461 2500 see
477 2470 549 2500 how
566 2471 644 2511 thc3
660 2471 742 2501 have
761 2472 843 2501 done
860 2472 897 2507 it,
915 2472 949 2501 in
993 2472 1050 2501 the
1080 2481 1190 2511 payer.
1253 2470 1311 2500 See
1335 2481 1362 2500 c.
1386 2470 1438 2506 27,
1463 2470 1527 2500 and
1554 2470 1611 2500 the
1632 2480 1767 2510 passage

174 2514 216 2543 Vs
218 2514 272 2544 ain
288 2514 353 2543 and
369 2513 411 2543 W
413 2513 539 2550 ailters,
557 2514 576 2543 5
594 2504 683 2549 Ehst,
699 2515 750 2543 10.
790 2515 948 2551 ‘Pactioj
993 2514 1115 2553 quoted
1130 2514 1213 2544 from
1232 2513 1371 2544 Cicero's
1393 2513 1492 2543 letter
1507 2516 1543 2543 to
1558 2513 1608 2543 his
1632 2513 1767 2544 brother

174 2568 211 2587 or
228 2557 404 2597 ‘pactum,³
421 2557 447 2586 is
463 2557 529 2587 also
555 2559 613 2586 not
629 2567 648 2586 a
663 2557 826 2587 technical
853 2560 948 2587 term.
995 2557 1148 2593 Quintus.
1196 2557 1365 2587 Instances
1388 2556 1425 2587 of
1443 2557 1534 2586 these
1559 2556 1766 2596 ‘pactiones'

175 2600 278 2640 Many
307 2600 445 2640 ‘pacta'
471 2599 526 2629 did
553 2602 612 2630 not
636 2600 777 2639 produce
806 2600 948 2639 ‘obliga-
993 2610 1041 2630 we
1057 2600 1139 2629 have
1155 2600 1188 2629 in
1205 2599 1277 2629 Lib.
1295 2601 1324 2630 3.
1346 2610 1372 2630 c.
1390 2601 1432 2630 14
1447 2599 1511 2629 and
1528 2599 1579 2631 57.

174 2643 279 2673 tiones
292 2643 301 2655 ³
327 2643 360 2673 in
385 2643 443 2673 the
469 2642 596 2673 Roman
627 2653 727 2672 sense.
775 2646 796 2659 “
809 2642 948 2673 Pactum
1037 2643 1077 2672 In
1087 2642 1225 2683 jurarem-o]
1275 2647 1282 2659 ⁶
1295 2643 1334 2672 111
1353 2642 1492 2683 jugere,³
1509 2643 1566 2672 the
1582 2642 1719 2682 reading
1733 2642 1772 2672 of

175 2688 285 2716 autem
313 2697 332 2716 a
358 2686 508 2725 pactione
535 2685 657 2715 dicitur
689 2709 696 2715 .
722 2708 728 2715 .
754 2685 814 2715 Est
838 2688 949 2715 autem
994 2684 1105 2722 Orelli,
1123 2686 1149 2715 is
1164 2686 1237 2716 bad.
1285 2686 1343 2716 See
1359 2696 1385 2716 0.
1404 2687 1455 2716 29.

172 2729 281 2768 pactio
297 2729 435 2759 duorum
452 2729 635 2769 pluriumve
647 2729 680 2758 in
693 2728 777 2758 idem
791 2729 948 2768 placitum
1036 2730 1081 2758 As
1104 2731 1138 2759 to
1169 2729 1225 2759 the
1250 2729 1377 2759 Roman
1402 2728 1595 2769 ‘jugermn,³
1619 2728 1684 2758 and
1708 2728 1767 2758 the

175 2782 347 2801 consensus
363 2772 392 2801 :³³
417 2772 547 2812 Ulpian,
566 2772 640 2812 Dig.
659 2773 688 2801 2.
707 2773 757 2801 14.
775 2772 804 2801 1.
995 2772 1237 2808 ‘medimimni‚³
1262 2782 1313 2802 see
1338 2772 1501 2801 Excursus
1525 2771 1568 2801 vi.
1580 2783 1590 2807 ;
1614 2771 1678 2801 and
1701 2771 1767 2801 also

219 2815 287 2844 The
311 2815 452 2845 German
477 2819 485 2831 ‘
496 2815 641 2855 Vertrag
652 2815 661 2827 ³
689 2815 715 2844 is
741 2814 878 2845 another
901 2815 949 2845 in-
994 2825 1028 2845 as
1045 2817 1081 2845 to
1097 2815 1154 2845 the
1170 2815 1312 2855 produce
1328 2815 1434 2845 raised
1449 2825 1490 2845 on
1505 2814 1563 2844 the
1578 2814 1665 2844 land.

174 2859 286 2888 stanee
302 2857 339 2887 of
351 2868 368 2888 a
385 2859 516 2898 general
532 2858 622 2889 word
637 2858 687 2889 for
704 2858 933 2898 ‘agreement.'
1038 2858 1135 2898 efficit
1159 2869 1227 2888 eum
1256 2860 1369 2889 octavo
1406 2857 1479 2900 (30]
1528 2861 1537 2874 ‘
1550 2857 1631 2888 with
1652 2867 1671 2887 a
1694 2867 1767 2897 pro—
