1849 3167
129 132 213 173 378
713 125 782 168 IN
814 125 860 167 G.
893 121 1150 167 VERREM

131 245 227 303 agri
266 259 366 287 vero
409 241 613 285 Leontini
652 241 726 297 qui
765 239 1000 296 plurimum
1039 235 1167 278 efficit
1206 235 1341 277 tritici
1379 235 1570 277 modium
1609 249 1732 277 ccxx]

131 312 335 353 millibus.
416 309 462 351 Si
492 310 619 350 doceo
649 307 783 362 pluris
813 305 1032 360 aliquanto
1062 301 1248 357 potuisse
1287 301 1468 342 vendere
1506 317 1643 357 neque
1683 301 1735 342 iis

132 379 314 421 voluisse
344 382 387 418 te
418 375 611 417 addicere
642 373 716 428 qui
748 376 894 412 contra
924 368 1167 424 Apronium
1196 367 1439 416 licerentur,
1472 372 1513 407 et
1543 367 1736 422 Apronio

132 445 268 485 multo
288 442 465 484 minoris
486 455 613 496 quam
635 438 728 480 aliis
748 435 937 491 potueris
957 434 1140 475 vendere
1172 432 1409 482 tradidisse,
1432 433 1467 473 si
1486 433 1565 473 1100
1596 433 1735 481 doceo,

133 510 345 566 poteritne
366 514 408 550 te
428 509 517 563 ipse
538 505 663 553 Alba,
686 508 783 543 tuus
805 500 1125 555 antiquissimus
1147 512 1233 539 non
1254 497 1390 539 solum
1410 497 1569 539 amicus
1589 512 1739 539 verum

134 577 263 618 etiam
285 579 460 623 amator,
483 569 733 613 absolvere?

193 640 356 683 LXIV.
389 639 495 680 Dico
517 636 703 692 equitem
723 633 979 682 Romanum,
1001 629 1219 672 hominem
1245 628 1292 669 in
1321 628 1471 683 primis
1501 629 1739 676 honestum,
1778 672 1782 675 ¹

138 710 188 756 Q.
222 706 463 749 Minucium
491 718 589 745 cum
620 700 685 742 sui
714 698 922 741 similibus
953 697 1008 738 ad
1037 697 1234 737 decumas
1264 694 1359 749 agri
1388 694 1589 735 Leontini
1609 692 1744 734 tritici

136 774 327 817 modium
346 786 432 812 11011
453 768 583 817 1111110,
606 779 691 807 11011
713 766 808 814 (1110,
830 779 917 805 non
936 763 1021 804 tria.
1040 761 1189 811 millia,
1212 761 1285 801 sed
1305 760 1359 801 ad
1378 775 1484 801 unas
1503 760 1628 800 unius
1650 757 1745 813 agri

137 842 333 881 decumas
365 835 498 877 tritici
528 832 718 874 modium
747 830 930 885 triginta
969 828 1152 869 voluisse
1192 827 1374 876 addere3
1416 825 1455 866 ei
1492 829 1746 880 potestatem

138 904 306 947 emendi
335 917 422 943 non
451 915 539 942 esse
569 899 726 940 factam
756 911 810 937 ne
839 910 906 936 res
936 894 1073 935 abiret
1103 893 1156 934 ab
1183 890 1388 947 Apronio.
1449 890 1621 946 Negare
1650 890 1744 940 hoc,

138 970 222 1011 nisi
252 970 361 1010 forte
391 980 549 1021 negare
581 963 724 1005 omnia
745 959 1018 1010 constituisti,
1042 958 1160 999 nullo
1181 958 1305 998 modo
1333 961 1475 1011 potes:
1507 956 1649 1011 palam
1681 970 1747 996 res

140 1041 259 1092 gesta
290 1039 365 1084 est,
397 1031 585 1073 maximo
616 1034 842 1077 conventu,
876 1025 1121 1081 Syracusis:
1165 1023 1285 1065 testis
1315 1027 1378 1063 est
1408 1026 1498 1063 tota
1529 1020 1750 1076 provincia

139 1106 363 1157 propterea
384 1098 498 1154 quod
527 1095 717 1150 undique
739 1094 793 1135 ad
814 1092 1013 1133 emendas
1034 1091 1232 1131 decumas
1261 1087 1398 1130 solent
1431 1102 1478 1128 eo
1509 1086 1748 1128 convenire.

143 1167 266 1214 Quod
287 1166 374 1207 sive
395 1162 541 1205 fateris
562 1161 650 1203 sive
671 1158 946 1207 convinceris,
962 1162 1065 1212 quot
1086 1161 1128 1197 et
1150 1170 1279 1210 quam
1298 1153 1537 1194 manifestis
1558 1152 1605 1193 in
1625 1153 1751 1193 rebus

141 1239 312 1275 teneare
342 1245 429 1271 non
458 1228 610 1270 vides?
670 1226 867 1267 Primum
898 1228 1016 1264 tuam
1046 1237 1136 1263 rem
1166 1220 1287 1261 illam
1307 1224 1349 1260 et
1369 1219 1573 1274 praedam
1593 1217 1749 1259 fuisse:

141 1314 256 1348 nam,
287 1297 335 1338 ni
364 1296 425 1337 ita
455 1298 575 1343 esset,
608 1308 682 1334 cur
712 1296 761 1332 tu
790 1289 1033 1344 Apronium
1062 1286 1261 1334 malebas,
1295 1300 1423 1340 quem
1453 1299 1598 1325 omnes
1628 1287 1753 1324 tuum

142 1367 459 1420 procuratorem
483 1357 614 1415 [esse]
639 1357 685 1398 111
706 1355 906 1403 decumis,
929 1359 1052 1395 tuum
1072 1351 1294 1407 negotium
1315 1365 1441 1405 agere
1456 1349 1751 1404 loquebantur,

144 1444 274 1486 quam
294 1426 535 1468 Minucium
556 1424 753 1464 decumas
775 1420 869 1476 agri
890 1418 1093 1461 Leontini
1114 1432 1279 1458 sumere
1295 1416 1315 1457 Ρ
1375 1415 1542 1456 Deinde
1571 1415 1751 1455 immen-

146 1510 240 1537 sum
261 1498 387 1548 atque
407 1489 627 1532 infinitum
646 1488 812 1528 lucrum
833 1500 920 1526 esse
942 1484 1127 1525 factum:
1160 1497 1261 1522 nam
1282 1481 1317 1522 si
1336 1483 1430 1521 ῖκῖ
1452 1485 1501 1520 tu
1521 1485 1754 1521 commotus

145 1575 232 1601 non
254 1573 375 1606 esses,
399 1561 511 1597 certe
531 1555 611 1595 hoc
631 1553 745 1593 idem
765 1550 875 1592 lucri
895 1549 1112 1590 Minucius
1133 1546 1325 1601 Apronio
1345 1545 1528 1586 libenter
1558 1545 1754 1594 dedisset,

146 1626 182 1666 si
202 1625 275 1665 ille
297 1622 484 1676 accipere
505 1619 715 1661 voluisset.
779 1616 995 1662 Quantam
1015 1614 1150 1669 igitur
1170 1612 1235 1653 illi
1256 1627 1374 1666 spem
1403 1611 1584 1666 praedae
1603 1625 1754 1665 propo-

147 1691 274 1732 sitam
304 1688 561 1729 arbitramur
591 1683 731 1732 suisse,
765 1681 839 1736 qui
869 1686 1040 1721 tantum
1069 1693 1266 1734 praesens
1296 1677 1464 1717 lucrum
1490 1676 1610 1716 nulla
1630 1691 1757 1730 opera

147 1757 365 1809 insumpta
395 1748 698 1804 contempserit
729 1753 856 1802 atque
887 1744 1128 1800 despexerit
1145 1744 1165 1784 P
1215 1742 1369 1784 deinde
1410 1742 1500 1797 ipse
1541 1741 1758 1782 Minucius

147 1835 369 1875 nunquam
402 1817 511 1859 tanti
546 1815 701 1855 habere
736 1812 951 1861 voluisset,
990 1811 1025 1852 si
1065 1811 1262 1850 decumas
1301 1813 1350 1848 tu
1388 1807 1484 1863 lege
1525 1806 1758 1848 Hieronica

148 1887 377 1934 venderes3
411 1883 485 1924 sed
505 1880 606 1936 quia
626 1879 712 1920 tuis
732 1878 854 1920 novis
877 1876 1026 1918 edictis
1047 1880 1089 1917 et
1110 1873 1388 1929 iniquissimis
1420 1871 1630 1914 institutis
1663 1871 1759 1926 plus

151 1952 369 2006 aliquanto
402 1964 444 1989 se
480 1961 608 2002 quam
649 1945 847 1985 decumas
883 1942 1126 1984 ablaturum
1165 1940 1350 1988 Videbat,
1392 1937 1550 1979 idcirco
1589 1937 1760 1992 longius

151 2029 397 2072 progressus
419 2017 493 2054 est.
556 2010 617 2051 At
638 2008 831 2064 Apronio
854 2022 1019 2062 semper
1050 2006 1146 2061 plus
1179 2004 1308 2046 etiam
1339 2003 1475 2044 multo
1509 2003 1581 2044 abs
1602 2007 1645 2043 te
1664 2017 1758 2057 pcr-

152 2082 328 2122 missum
349 2084 411 2120 est
433 2092 562 2133 quam
583 2075 696 2130 quod
716 2074 922 2115 edixeras.

153 2198 230 2219 vero
254 2186 427 2217 Leontiui'
451 2185 534 2215 have
559 2194 579 2214 a
602 2182 686 2213 tacit
710 2181 875 2212 reference
899 2180 935 2209 to

154 2232 249 2262 other
274 2234 282 2246 ‘
293 2230 384 2269 agri.²
430 2229 492 2258 We
510 2227 619 2267 might
641 2225 728 2261 read,
745 2225 779 2253 in
796 2222 936 2253 Cicero's

154 2285 226 2305 own
238 2273 340 2303 words
353 2273 463 2307 above,
481 2275 489 2287 ‘
500 2271 651 2300 decumas
661 2267 841 2298 vendidisse
852 2267 936 2295 cete-

155 2328 266 2348 rorum
290 2325 454 2355 agrorum,
479 2314 549 2353 agri
568 2323 644 2342 vero
668 2309 820 2341 Leontini
831 2309 851 2345 ς’
875 2309 936 2338 but

155 2361 185 2391 if
205 2370 252 2390 we
276 2359 350 2389 look
375 2357 457 2387 back
484 2357 560 2396 only
582 2366 600 2385 a
620 2356 681 2384 few
705 2354 796 2388 lines,
820 2354 855 2382 to
879 2351 937 2381 the

156 2403 261 2434 words
272 2406 280 2418 ‘
293 2401 474 2431 vendidisse
484 2399 562 2429 alios
572 2408 691 2437 magno
702 2397 853 2426 decumas
866 2393 938 2433 agri

157 2445 310 2477 Leontini
321 2446 567 2481 ceterorumque
580 2439 756 2480 ag1·orum,'
767 2439 795 2468 it
805 2437 871 2467 will
883 2446 937 2476 ap-

156 2500 233 2530 pear
242 2488 319 2519 that
328 2487 465 2527 perhaps
477 2484 618 2523 nothing
629 2483 777 2512 hasbeen
787 2479 937 2510 omitted.

201 2533 246 2562 As
266 2533 301 2562 to
322 2530 379 2560 the
400 2528 505 2559 words
529 2531 606 2567 ‘pro
626 2524 797 2565 portione,'
818 2523 938 2561 Zumpt

156 2576 257 2606 refers
273 2577 308 2605 to
324 2584 343 2604 a
357 2572 423 2602 like
439 2582 494 2601 1150
510 2571 544 2600 111
561 2569 633 2599 Lib.
647 2570 677 2598 4.
694 2578 721 2598 c.
738 2568 800 2603 21,
817 2565 889 2595 Lib.
908 2565 937 2595 5.

158 2630 185 2650 c.
203 2620 255 2649 21.

203 2663 255 2691 (31.
278 2659 420 2691 modium
436 2654 595 2697 trigyim‘a]
644 2653 811 2684 ‘Medium
836 2649 938 2682 ffi'

161 2706 269 2735 Klotz.
315 2703 383 2733 The
407 2712 493 2731 same
516 2699 614 2738 thing
637 2698 663 2727 is
686 2698 797 2726 incant
819 2695 862 2736 by
881 2695 939 2725 the

158 2752 241 2784 text,
259 2747 364 2777 which
380 2746 406 2775 is
422 2745 497 2775 that
513 2743 550 2773 of
562 2742 623 2781 Lg.
640 2742 681 2771 42
697 2739 740 2769 N.

202 2790 388 2829 721(122{fe.s·lis
418 2788 452 2818 in
482 2785 593 2826 rebus]
652 2784 713 2823 Lg.
739 2783 780 2812 42
806 2781 831 2811 F
858 2780 940 2811 omit

160 2834 235 2864 ‘in.’
283 2833 402 2871 Zumpt
428 2841 511 2871 says,
537 2828 683 2863 “teneri,
711 2835 811 2866 quum
842 2823 940 2864 signi-

160 2878 238 2908 ficat
253 2876 432 2907 convictum
447 2884 524 2910 esse,
540 2872 711 2913 peccatum
727 2868 841 2900 addita
849 2877 940 2908 prae-

986 2072 1205 2118 Quantiun
1226 2069 1361 2125 igitur
1382 2073 1605 2124 quaestum
1636 2072 1759 2122 puta-

979 2178 1138 2218 positione
1163 2176 1197 2207 in
1221 2186 1330 2206 secum
1350 2174 1484 2206 habet.''
1529 2174 1583 2204 He
1602 2173 1703 2204 refers
1726 2175 1762 2203 to

981 2222 1053 2251 Lib.
1079 2222 1110 2250 1.
1137 2230 1164 2250 c.
1191 2221 1220 2255 1,
1247 2219 1300 2248 ‘in
1324 2219 1420 2248 rebus
1443 2217 1662 2257 turpissimis,'
1685 2216 1761 2252 &c.;

981 2264 1054 2294 Lib.
1086 2265 1116 2293 2.
1142 2273 1168 2293 0.
1201 2263 1252 2297 59,
1286 2265 1405 2301 ‘quum
1435 2261 1470 2290 in
1499 2259 1762 2290 manifestissimo

980 2307 1071 2337 furto
1101 2305 1264 2341 teneare?
1295 2304 1359 2334 and
1389 2306 1424 2333 to
1454 2314 1540 2333 some
1571 2303 1665 2333 other
1691 2313 1763 2342 pas-

981 2360 1083 2390 sages.
1128 2349 1197 2378 But
1213 2348 1246 2377 in
1262 2347 1335 2377 Lib.
1352 2348 1382 2377 3.
1403 2357 1429 2376 c.
1451 2348 1502 2382 89,
1523 2346 1564 2376 he
1585 2346 1643 2376 has
1668 2349 1763 2375 ‘cum

981 2391 1163 2423 manifestis
1193 2390 1326 2430 flagitiis
1359 2389 1550 2425 tenebitur,'
1581 2389 1689 2419 which
1721 2389 1763 2419 hc

982 2435 1125 2475 explains
1148 2434 1236 2469 thus,
1261 2437 1366 2463 “cum
1390 2433 1437 2463 ita
1460 2432 1630 2463 tenebitur
1652 2434 1691 2462 ut
1707 2431 1763 2461 fla-

982 2478 1065 2518 gitia
1081 2477 1149 2518 ejus
1164 2477 1337 2506 manifesta
1352 2476 1452 2506 sint.”
1481 2476 1497 2506 1
1513 2476 1596 2506 have
1611 2486 1653 2505 no
1667 2474 1770 2505 belief

982 2522 1016 2551 in
1031 2531 1130 2561 many
1146 2520 1183 2550 of
1194 2520 1285 2550 these
1301 2519 1394 2549 small
1410 2519 1629 2549 distinctions.

1027 2566 1116 2594 {mem
1127 2562 1398 2603 procuratorem]
1447 2566 1456 2579 (
1468 2562 1575 2592 Τ1111111
1591 2570 1765 2601 procurare

982 2607 1017 2637 in
1047 2607 1190 2637 decumis
1220 2606 1390 2645 negotium
1419 2605 1637 2645 loquebantur
1648 2605 1668 2641 ;'
1707 2604 1766 2634 the

984 2661 1132 2680 common
1152 2649 1288 2689 reading
1306 2649 1371 2679 and
1393 2649 1469 2678 that
1486 2648 1522 2678 of
1541 2647 1651 2678 Orelli.
1697 2647 1766 2677 The

984 2693 1119 2733 reading
1142 2697 1149 2709 ‘
1160 2695 1255 2723 tuum
1277 2694 1521 2732 procuratorem
1537 2701 1603 2721 esse
1620 2691 1653 2720 in
1669 2691 1766 2720 decu-

984 2737 1055 2772 mis,
1086 2739 1182 2766 tuum
1207 2735 1375 2776 negotium
1403 2734 1518 2774 agere'
1543 2734 1570 2763 is
1593 2734 1677 2764 from
1704 2733 1765 2771 Lg.

985 2781 1027 2810 42
1051 2786 1093 2819 φ;
1117 2780 1179 2809 but
1203 2779 1264 2819 Lg.
1289 2780 1331 2808 42
1355 2778 1452 2808 omits
1476 2777 1583 2807 ‘esse’
1630 2777 1646 2806 I
1667 2775 1765 2807 think

985 2823 1060 2896 tiliat
1084 2823 1141 2853 the
1167 2822 1221 2853 old
1244 2821 1381 2862 reading
1405 2820 1431 2851 is
1450 2821 1542 2861 quite
1566 2830 1601 2851 as
1624 2819 1709 2861 good
1731 2828 1766 2849 as

985 2868 1000 2897 t
1013 2876 1043 2897 10
1058 2876 1129 2896 new
1145 2875 1216 2896 one.
