<?xml version="1.0" encoding="UTF-8"?>
<!DOCTYPE html PUBLIC "-//W3C//DTD XHTML 1.0 Transitional//EN"
    "http://www.w3.org/TR/xhtml1/DTD/xhtml1-transitional.dtd">
<html xmlns="http://www.w3.org/1999/xhtml" xml:lang="en" lang="en">
 <head>
  <title>
</title>
<meta http-equiv="Content-Type" content="text/html;charset=utf-8" />
  <meta name='ocr-system' content='tesseract 3.04.00' />
  <meta name='ocr-capabilities' content='ocr_page ocr_carea ocr_par ocr_line ocrx_word'/>
</head>
<body>
  <div class='ocr_page' id='page_1' title='image "./orationeswithcom01ciceuoft_0436.png"; bbox 0 0 1849 3167; ppageno 0'>
   <div class='ocr_carea' id='block_1_1' title="bbox 189 91 1208 135">
    <p class='ocr_par' dir='ltr' id='par_1_1' title="bbox 189 91 1208 135">
     <span class='ocr_line' id='line_1_1' title="bbox 189 91 1208 135; baseline -0.001 -2"><span class='ocrx_word' id='word_1_1' title='bbox 189 92 273 135; x_wconf 83' lang='lat'>418</span> <span class='ocrx_word' id='word_1_2' title='bbox 773 92 842 135; x_wconf 89' lang='lat' dir='ltr'>IN</span> <span class='ocrx_word' id='word_1_3' title='bbox 873 91 919 133; x_wconf 82' lang='lat' dir='ltr'>O.</span> <span class='ocrx_word' id='word_1_4' title='bbox 951 91 1208 134; x_wconf 86' lang='lat' dir='ltr'><strong>VERREM</strong></span> 
     </span>
    </p>
   </div>
   <div class='ocr_carea' id='block_1_2' title="bbox 181 204 1788 2278">
    <p class='ocr_par' dir='ltr' id='par_1_2' title="bbox 181 204 1788 2278">
     <span class='ocr_line' id='line_1_2' title="bbox 189 204 1787 260; baseline 0.001 -13"><span class='ocrx_word' id='word_1_5' title='bbox 189 205 350 247; x_wconf 88' lang='lat' dir='ltr'>sionem</span> <span class='ocrx_word' id='word_1_6' title='bbox 370 210 555 247; x_wconf 86' lang='lat' dir='ltr'>vestram</span> <span class='ocrx_word' id='word_1_7' title='bbox 575 205 884 260; x_wconf 79' lang='lat' dir='ltr'><strong>pertimescam,</strong></span> <span class='ocrx_word' id='word_1_8' title='bbox 907 206 980 247; x_wconf 87' lang='lat' dir='ltr'>sed</span> <span class='ocrx_word' id='word_1_9' title='bbox 1008 220 1076 246; x_wconf 90' lang='lat' dir='ltr'>me</span> <span class='ocrx_word' id='word_1_10' title='bbox 1097 204 1289 246; x_wconf 85' lang='lat' dir='ltr'>omnium</span> <span class='ocrx_word' id='word_1_11' title='bbox 1308 206 1623 260; x_wconf 85' lang='lat' dir='ltr'>provinciarum</span> <span class='ocrx_word' id='word_1_12' title='bbox 1643 208 1787 250; x_wconf 84' lang='lat' dir='ltr'>defen·-</span> 
     </span>
     <span class='ocr_line' id='line_1_3' title="bbox 189 269 1786 326; baseline 0.002 -15"><span class='ocrx_word' id='word_1_13' title='bbox 189 285 326 311; x_wconf 87' lang='lat' dir='ltr'>sorem</span> <span class='ocrx_word' id='word_1_14' title='bbox 361 285 448 311; x_wconf 85' lang='lat' dir='ltr'>esse</span> <span class='ocrx_word' id='word_1_15' title='bbox 480 270 721 325; x_wconf 87' lang='lat' dir='ltr'>profitebor.</span> <span class='ocrx_word' id='word_1_16' title='bbox 782 270 955 311; x_wconf 77' lang='lat' dir='ltr'>Etenim</span> <span class='ocrx_word' id='word_1_17' title='bbox 996 270 1075 310; x_wconf 85' lang='grc'>1100</span> <span class='ocrx_word' id='word_1_18' title='bbox 1111 269 1217 318; x_wconf 88' lang='grc'>(1100,</span> <span class='ocrx_word' id='word_1_19' title='bbox 1251 275 1293 310; x_wconf 89' lang='lat' dir='ltr'>et</span> <span class='ocrx_word' id='word_1_20' title='bbox 1331 286 1489 326; x_wconf 85' lang='lat' dir='ltr'>magna</span> <span class='ocrx_word' id='word_1_21' title='bbox 1527 288 1628 314; x_wconf 84' lang='lat' dir='ltr'>voce</span> <span class='ocrx_word' id='word_1_22' title='bbox 1668 273 1786 314; x_wconf 86' lang='lat' dir='ltr'>dico:</span> 
     </span>
     <span class='ocr_line' id='line_1_4' title="bbox 188 333 1788 393; baseline 0.002 -17"><span class='ocrx_word' id='word_1_23' title='bbox 188 335 430 390; x_wconf 81' lang='lat' dir='ltr'>ubicunque</span> <span class='ocrx_word' id='word_1_24' title='bbox 464 335 544 376; x_wconf 91' lang='lat' dir='ltr'>hoc</span> <span class='ocrx_word' id='word_1_25' title='bbox 577 335 737 376; x_wconf 87' lang='lat' dir='ltr'>factum</span> <span class='ocrx_word' id='word_1_26' title='bbox 769 340 843 383; x_wconf 85' lang='lat' dir='ltr'>est,</span> <span class='ocrx_word' id='word_1_27' title='bbox 878 334 1069 388; x_wconf 83' lang='lat' dir='ltr'>improbe</span> <span class='ocrx_word' id='word_1_28' title='bbox 1101 333 1261 375; x_wconf 85' lang='lat' dir='ltr'>factum</span> <span class='ocrx_word' id='word_1_29' title='bbox 1301 341 1387 385; x_wconf 80' lang='lat' dir='ltr'>est3</span> <span class='ocrx_word' id='word_1_30' title='bbox 1429 337 1668 393; x_wconf 80' lang='lat' dir='ltr'>quicunque</span> <span class='ocrx_word' id='word_1_31' title='bbox 1708 338 1788 379; x_wconf 88' lang='lat' dir='ltr'>hoc</span> 
     </span>
     <span class='ocr_line' id='line_1_5' title="bbox 189 398 1786 455; baseline 0.003 -15"><span class='ocrx_word' id='word_1_32' title='bbox 189 399 302 449; x_wconf 88' lang='lat' dir='ltr'>fecit,</span> <span class='ocrx_word' id='word_1_33' title='bbox 340 400 547 455; x_wconf 89' lang='lat' dir='ltr'>supplicio</span> <span class='ocrx_word' id='word_1_34' title='bbox 588 400 745 455; x_wconf 87' lang='lat' dir='ltr'>dignus</span> <span class='ocrx_word' id='word_1_35' title='bbox 785 404 859 439; x_wconf 87' lang='lat' dir='ltr'>est.</span> <span class='ocrx_word' id='word_1_36' title='bbox 934 398 1049 439; x_wconf 87' lang='lat' dir='ltr'>Nam</span> <span class='ocrx_word' id='word_1_37' title='bbox 1088 414 1164 453; x_wconf 88' lang='lat' dir='ltr'>per</span> <span class='ocrx_word' id='word_1_38' title='bbox 1205 400 1303 441; x_wconf 90' lang='lat' dir='ltr'>deos</span> <span class='ocrx_word' id='word_1_39' title='bbox 1343 400 1601 444; x_wconf 88' lang='lat' dir='ltr'>immortales</span> <span class='ocrx_word' id='word_1_40' title='bbox 1635 404 1786 452; x_wconf 83' lang='lat' dir='ltr'>videte,</span> 
     </span>
     <span class='ocr_line' id='line_1_6' title="bbox 183 463 1788 522; baseline 0.002 -17"><span class='ocrx_word' id='word_1_41' title='bbox 183 465 361 520; x_wconf 88' lang='lat' dir='ltr'>judices,</span> <span class='ocrx_word' id='word_1_42' title='bbox 396 471 438 506; x_wconf 92' lang='lat' dir='ltr'>et</span> <span class='ocrx_word' id='word_1_43' title='bbox 477 465 705 520; x_wconf 77' lang='lat' dir='ltr'>prospicite</span> <span class='ocrx_word' id='word_1_44' title='bbox 745 463 898 504; x_wconf 86' lang='lat' dir='ltr'>animis</span> <span class='ocrx_word' id='word_1_45' title='bbox 938 464 1043 518; x_wconf 86' lang='lat' dir='ltr'>quid</span> <span class='ocrx_word' id='word_1_46' title='bbox 1082 464 1275 505; x_wconf 87' lang='lat' dir='ltr'>futurum</span> <span class='ocrx_word' id='word_1_47' title='bbox 1307 465 1373 506; x_wconf 85' lang='lat' dir='ltr'>sit.</span> <span class='ocrx_word' id='word_1_48' title='bbox 1446 466 1577 508; x_wconf 83' lang='lat' dir='ltr'>Multi</span> <span class='ocrx_word' id='word_1_49' title='bbox 1610 483 1788 522; x_wconf 87' lang='lat' dir='ltr'>magnas</span> 
     </span>
     <span class='ocr_line' id='line_1_7' title="bbox 187 529 1788 584; baseline 0.002 -13"><span class='ocrx_word' id='word_1_50' title='bbox 187 531 388 584; x_wconf 80' lang='lat' dir='ltr'>pecunias</span> <span class='ocrx_word' id='word_1_51' title='bbox 401 531 453 571; x_wconf 86' lang='lat' dir='ltr'>ab</span> <span class='ocrx_word' id='word_1_52' title='bbox 466 530 614 570; x_wconf 85' lang='lat' dir='ltr'>invitis</span> <span class='ocrx_word' id='word_1_53' title='bbox 627 529 869 570; x_wconf 78' lang='lat' dir='ltr'>civitatibus</span> <span class='ocrx_word' id='word_1_54' title='bbox 891 534 1019 583; x_wconf 86' lang='lat' dir='ltr'>atque</span> <span class='ocrx_word' id='word_1_55' title='bbox 1032 529 1085 569; x_wconf 85' lang='lat' dir='ltr'>ab</span> <span class='ocrx_word' id='word_1_56' title='bbox 1106 529 1254 570; x_wconf 86' lang='lat' dir='ltr'>invitis</span> <span class='ocrx_word' id='word_1_57' title='bbox 1276 530 1510 572; x_wconf 87' lang='lat' dir='ltr'>aratoribus</span> <span class='ocrx_word' id='word_1_58' title='bbox 1523 532 1604 573; x_wconf 89' lang='lat' dir='ltr'>ista</span> <span class='ocrx_word' id='word_1_59' title='bbox 1624 534 1788 574; x_wconf 86' lang='lat' dir='ltr'>ratione</span> 
     </span>
     <span class='ocr_line' id='line_1_8' title="bbox 188 593 1785 650; baseline 0.003 -15"><span class='ocrx_word' id='word_1_60' title='bbox 188 595 317 635; x_wconf 87' lang='lat' dir='ltr'>cellae</span> <span class='ocrx_word' id='word_1_61' title='bbox 337 595 508 636; x_wconf 90' lang='lat' dir='ltr'>nomine</span> <span class='ocrx_word' id='word_1_62' title='bbox 529 598 783 648; x_wconf 72' lang='lat' dir='ltr'>coegerunt:</span> <span class='ocrx_word' id='word_1_63' title='bbox 806 593 979 634; x_wconf 90' lang='lat' dir='ltr'>omnino</span> <span class='ocrx_word' id='word_1_64' title='bbox 996 608 1074 648; x_wconf 88' lang='lat' dir='ltr'>ego</span> <span class='ocrx_word' id='word_1_65' title='bbox 1089 594 1306 635; x_wconf 89' lang='lat' dir='ltr'>neminem</span> <span class='ocrx_word' id='word_1_66' title='bbox 1320 595 1443 636; x_wconf 89' lang='lat' dir='ltr'>video</span> <span class='ocrx_word' id='word_1_67' title='bbox 1463 602 1630 650; x_wconf 88' lang='lat' dir='ltr'>praeter</span> <span class='ocrx_word' id='word_1_68' title='bbox 1642 598 1785 647; x_wconf 84' lang='lat' dir='ltr'>istum,</span> 
     </span>
     <span class='ocr_line' id='line_1_9' title="bbox 188 659 1788 704; baseline 0.003 -4"><span class='ocrx_word' id='word_1_69' title='bbox 188 660 260 700; x_wconf 88' lang='lat' dir='ltr'>sed</span> <span class='ocrx_word' id='word_1_70' title='bbox 291 660 343 700; x_wconf 91' lang='lat' dir='ltr'>do</span> <span class='ocrx_word' id='word_1_71' title='bbox 378 660 456 700; x_wconf 89' lang='grc'>1100</span> <span class='ocrx_word' id='word_1_72' title='bbox 486 659 604 699; x_wconf 81' lang='lat' dir='ltr'>vobis</span> <span class='ocrx_word' id='word_1_73' title='bbox 639 664 681 699; x_wconf 90' lang='lat' dir='ltr'>et</span> <span class='ocrx_word' id='word_1_74' title='bbox 721 659 902 700; x_wconf 83' lang='lat' dir='ltr'>concedo</span> <span class='ocrx_word' id='word_1_75' title='bbox 938 674 1025 699; x_wconf 88' lang='lat' dir='ltr'>esse</span> <span class='ocrx_word' id='word_1_76' title='bbox 1064 659 1244 700; x_wconf 88' lang='lat' dir='ltr'>multos:</span> <span class='ocrx_word' id='word_1_77' title='bbox 1286 660 1333 700; x_wconf 90' lang='lat' dir='ltr'>in</span> <span class='ocrx_word' id='word_1_78' title='bbox 1373 660 1452 701; x_wconf 88' lang='lat' dir='ltr'>hoc</span> <span class='ocrx_word' id='word_1_79' title='bbox 1490 661 1662 703; x_wconf 90' lang='lat' dir='ltr'>homine</span> <span class='ocrx_word' id='word_1_80' title='bbox 1696 675 1788 704; x_wconf 86' lang='lat' dir='ltr'>rem</span> 
     </span>
     <span class='ocr_line' id='line_1_10' title="bbox 187 723 1787 783; baseline 0.003 -18"><span class='ocrx_word' id='word_1_81' title='bbox 187 725 413 765; x_wconf 76' lang='lat' dir='ltr'>adductam</span> <span class='ocrx_word' id='word_1_82' title='bbox 433 724 479 764; x_wconf 92' lang='lat' dir='ltr'>in</span> <span class='ocrx_word' id='word_1_83' title='bbox 495 723 706 778; x_wconf 88' lang='lat' dir='ltr'>judicium</span> <span class='ocrx_word' id='word_1_84' title='bbox 726 724 892 765; x_wconf 81' lang='lat' dir='ltr'>videtis.</span> <span class='ocrx_word' id='word_1_85' title='bbox 928 723 1042 770; x_wconf 83' lang='lat' dir='ltr'>Quid</span> <span class='ocrx_word' id='word_1_86' title='bbox 1063 724 1199 766; x_wconf 85' lang='lat' dir='ltr'>facere</span> <span class='ocrx_word' id='word_1_87' title='bbox 1219 725 1428 779; x_wconf 79' lang='lat' dir='ltr'>potest-is?</span> <span class='ocrx_word' id='word_1_88' title='bbox 1458 726 1630 777; x_wconf 85' lang='lat' dir='ltr'>Utrum,</span> <span class='ocrx_word' id='word_1_89' title='bbox 1654 743 1787 783; x_wconf 90' lang='lat' dir='ltr'>quum</span> 
     </span>
     <span class='ocr_line' id='line_1_11' title="bbox 182 788 1788 847; baseline 0.003 -18"><span class='ocrx_word' id='word_1_90' title='bbox 182 790 346 844; x_wconf 84' lang='lat' dir='ltr'>judices</span> <span class='ocrx_word' id='word_1_91' title='bbox 372 788 463 829; x_wconf 90' lang='lat' dir='ltr'>sitis</span> <span class='ocrx_word' id='word_1_92' title='bbox 491 789 543 829; x_wconf 91' lang='lat' dir='ltr'>de</span> <span class='ocrx_word' id='word_1_93' title='bbox 569 788 750 842; x_wconf 77' lang='lat' dir='ltr'>pecunia</span> <span class='ocrx_word' id='word_1_94' title='bbox 775 794 898 843; x_wconf 87' lang='lat' dir='ltr'>capta</span> <span class='ocrx_word' id='word_1_95' title='bbox 919 789 1155 838; x_wconf 86' lang='lat' dir='ltr'>conciliata,</span> <span class='ocrx_word' id='word_1_96' title='bbox 1177 794 1343 830; x_wconf 78' lang='lat' dir='ltr'>tantam</span> <span class='ocrx_word' id='word_1_97' title='bbox 1369 792 1593 844; x_wconf 89' lang='lat' dir='ltr'>pecuniam</span> <span class='ocrx_word' id='word_1_98' title='bbox 1619 799 1788 847; x_wconf 87' lang='lat' dir='ltr'>captam</span> 
     </span>
     <span class='ocr_line' id='line_1_12' title="bbox 185 853 1784 912; baseline 0.003 -19"><span class='ocrx_word' id='word_1_99' title='bbox 185 853 419 908; x_wconf 80' lang='lat' dir='ltr'>negligere,</span> <span class='ocrx_word' id='word_1_100' title='bbox 444 867 511 902; x_wconf 89' lang='lat' dir='ltr'>an,</span> <span class='ocrx_word' id='word_1_101' title='bbox 534 868 666 907; x_wconf 85' lang='lat' dir='ltr'>quum</span> <span class='ocrx_word' id='word_1_102' title='bbox 687 853 756 894; x_wconf 84' lang='lat' dir='ltr'>lex</span> <span class='ocrx_word' id='word_1_103' title='bbox 779 853 987 894; x_wconf 84' lang='lat' dir='ltr'>sociorum</span> <span class='ocrx_word' id='word_1_104' title='bbox 1008 869 1132 895; x_wconf 85' lang='lat' dir='ltr'>causa</span> <span class='ocrx_word' id='word_1_105' title='bbox 1153 860 1304 909; x_wconf 87' lang='lat' dir='ltr'>rogata</span> <span class='ocrx_word' id='word_1_106' title='bbox 1328 855 1395 905; x_wconf 84' lang='lat' dir='ltr'>sit,</span> <span class='ocrx_word' id='word_1_107' title='bbox 1419 855 1624 898; x_wconf 85' lang='lat' dir='ltr'>sociorum</span> <span class='ocrx_word' id='word_1_108' title='bbox 1645 858 1784 912; x_wconf 89' lang='lat' dir='ltr'>queri-</span> 
     </span>
     <span class='ocr_line' id='line_1_13' title="bbox 185 918 1786 978; baseline 0.004 -21"><span class='ocrx_word' id='word_1_109' title='bbox 185 918 349 958; x_wconf 88' lang='lat' dir='ltr'>monias</span> <span class='ocrx_word' id='word_1_110' title='bbox 378 933 465 958; x_wconf 90' lang='lat' dir='ltr'>non</span> <span class='ocrx_word' id='word_1_111' title='bbox 496 918 677 959; x_wconf 76' lang='lat' dir='ltr'>audire?</span> <span class='ocrx_word' id='word_1_112' title='bbox 737 918 900 959; x_wconf 89' lang='lat' dir='ltr'>Verum</span> <span class='ocrx_word' id='word_1_113' title='bbox 919 919 999 961; x_wconf 87' lang='grc'>1100</span> <span class='ocrx_word' id='word_1_114' title='bbox 1021 935 1188 974; x_wconf 88' lang='lat' dir='ltr'>quoque</span> <span class='ocrx_word' id='word_1_115' title='bbox 1208 920 1327 961; x_wconf 84' lang='lat' dir='ltr'>vobis</span> <span class='ocrx_word' id='word_1_116' title='bbox 1348 921 1543 963; x_wconf 86' lang='lat' dir='ltr'>remitto:</span> <span class='ocrx_word' id='word_1_117' title='bbox 1576 923 1786 978; x_wconf 84' lang='lat' dir='ltr'>negligite</span> 
     </span>
     <span class='ocr_line' id='line_1_14' title="bbox 183 982 1784 1042; baseline 0.004 -20"><span class='ocrx_word' id='word_1_118' title='bbox 183 983 425 1036; x_wconf 88' lang='lat' dir='ltr'>praeterita,</span> <span class='ocrx_word' id='word_1_119' title='bbox 449 982 485 1023; x_wconf 89' lang='lat' dir='ltr'>si</span> <span class='ocrx_word' id='word_1_120' title='bbox 504 983 648 1032; x_wconf 78' lang='lat' dir='ltr'>vultis,</span> <span class='ocrx_word' id='word_1_121' title='bbox 672 983 744 1024; x_wconf 88' lang='lat' dir='ltr'>sed</span> <span class='ocrx_word' id='word_1_122' title='bbox 774 999 828 1024; x_wconf 92' lang='lat' dir='ltr'>ne</span> <span class='ocrx_word' id='word_1_123' title='bbox 849 984 1033 1039; x_wconf 82' lang='lat' dir='ltr'>reliquas</span> <span class='ocrx_word' id='word_1_124' title='bbox 1055 1000 1148 1039; x_wconf 86' lang='lat' dir='ltr'>spes</span> <span class='ocrx_word' id='word_1_125' title='bbox 1168 985 1348 1026; x_wconf 88' lang='lat' dir='ltr'>turbetis</span> <span class='ocrx_word' id='word_1_126' title='bbox 1379 991 1505 1041; x_wconf 88' lang='lat' dir='ltr'>atque</span> <span class='ocrx_word' id='word_1_127' title='bbox 1526 1002 1669 1028; x_wconf 89' lang='lat' dir='ltr'>omnes</span> <span class='ocrx_word' id='word_1_128' title='bbox 1689 1003 1784 1042; x_wconf 92' lang='lat' dir='ltr'>pro-</span> 
     </span>
     <span class='ocr_line' id='line_1_15' title="bbox 184 1047 1786 1104; baseline 0.005 -18"><span class='ocrx_word' id='word_1_129' title='bbox 184 1047 346 1087; x_wconf 83' lang='lat' dir='ltr'>vincias</span> <span class='ocrx_word' id='word_1_130' title='bbox 377 1047 576 1088; x_wconf 80' lang='lat' dir='ltr'>evertatis</span> <span class='ocrx_word' id='word_1_131' title='bbox 591 1063 600 1097; x_wconf 92' lang='lat'>;</span> <span class='ocrx_word' id='word_1_132' title='bbox 632 1048 678 1088; x_wconf 91' lang='lat' dir='ltr'>id</span> <span class='ocrx_word' id='word_1_133' title='bbox 703 1049 924 1102; x_wconf 87' lang='lat' dir='ltr'>providete</span> <span class='ocrx_word' id='word_1_134' title='bbox 954 1064 1008 1090; x_wconf 91' lang='lat' dir='ltr'>ne</span> <span class='ocrx_word' id='word_1_135' title='bbox 1035 1049 1251 1099; x_wconf 87' lang='lat' dir='ltr'>avaritiae,</span> <span class='ocrx_word' id='word_1_136' title='bbox 1275 1065 1382 1104; x_wconf 92' lang='lat' dir='ltr'>quae</span> <span class='ocrx_word' id='word_1_137' title='bbox 1410 1051 1589 1092; x_wconf 85' lang='lat' dir='ltr'>antehac</span> <span class='ocrx_word' id='word_1_138' title='bbox 1613 1052 1786 1094; x_wconf 82' lang='lat' dir='ltr'>occultis</span> 
     </span>
     <span class='ocr_line' id='line_1_16' title="bbox 183 1111 1785 1171; baseline 0.004 -20"><span class='ocrx_word' id='word_1_139' title='bbox 183 1111 407 1153; x_wconf 82' lang='lat' dir='ltr'>itineribus</span> <span class='ocrx_word' id='word_1_140' title='bbox 439 1118 565 1167; x_wconf 86' lang='lat' dir='ltr'>atque</span> <span class='ocrx_word' id='word_1_141' title='bbox 587 1114 780 1168; x_wconf 87' lang='lat' dir='ltr'>angustis</span> <span class='ocrx_word' id='word_1_142' title='bbox 807 1115 873 1154; x_wconf 88' lang='lat' dir='ltr'>uti</span> <span class='ocrx_word' id='word_1_143' title='bbox 900 1115 1072 1164; x_wconf 78' lang='lat' dir='ltr'>solebat,</span> <span class='ocrx_word' id='word_1_144' title='bbox 1096 1115 1346 1156; x_wconf 87' lang='lat' dir='ltr'>auctoritate</span> <span class='ocrx_word' id='word_1_145' title='bbox 1366 1121 1506 1157; x_wconf 86' lang='lat' dir='ltr'>vestra</span> <span class='ocrx_word' id='word_1_146' title='bbox 1527 1116 1642 1157; x_wconf 87' lang='lat' dir='ltr'>viam</span> <span class='ocrx_word' id='word_1_147' title='bbox 1668 1122 1785 1171; x_wconf 87' lang='lat' dir='ltr'>pate-</span> 
     </span>
     <span class='ocr_line' id='line_1_17' title="bbox 183 1176 1787 1236; baseline 0.004 -20"><span class='ocrx_word' id='word_1_148' title='bbox 183 1176 350 1217; x_wconf 79' lang='lat' dir='ltr'>faciatis</span> <span class='ocrx_word' id='word_1_149' title='bbox 379 1177 590 1218; x_wconf 82' lang='lat' dir='ltr'>illustrem</span> <span class='ocrx_word' id='word_1_150' title='bbox 620 1184 747 1233; x_wconf 88' lang='lat' dir='ltr'>atque</span> <span class='ocrx_word' id='word_1_151' title='bbox 776 1179 921 1220; x_wconf 89' lang='lat' dir='ltr'>latam.</span> <span class='ocrx_word' id='word_1_152' title='bbox 983 1180 1097 1220; x_wconf 86' lang='lat' dir='ltr'>Nam</span> <span class='ocrx_word' id='word_1_153' title='bbox 1128 1181 1164 1221; x_wconf 89' lang='lat' dir='ltr'>si</span> <span class='ocrx_word' id='word_1_154' title='bbox 1193 1181 1272 1222; x_wconf 92' lang='lat' dir='ltr'>hoc</span> <span class='ocrx_word' id='word_1_155' title='bbox 1302 1181 1490 1236; x_wconf 88' lang='lat' dir='ltr'>probatis</span> <span class='ocrx_word' id='word_1_156' title='bbox 1521 1186 1562 1222; x_wconf 92' lang='lat' dir='ltr'>et</span> <span class='ocrx_word' id='word_1_157' title='bbox 1593 1182 1629 1222; x_wconf 89' lang='lat' dir='ltr'>si</span> <span class='ocrx_word' id='word_1_158' title='bbox 1660 1182 1787 1223; x_wconf 87' lang='lat' dir='ltr'>licere</span> 
     </span>
     <span class='ocr_line' id='line_1_18' title="bbox 182 1242 1786 1301; baseline 0.004 -20"><span class='ocrx_word' id='word_1_159' title='bbox 182 1242 383 1295; x_wconf 81' lang='lat' dir='ltr'>pecunias</span> <span class='ocrx_word' id='word_1_160' title='bbox 413 1242 494 1283; x_wconf 89' lang='lat' dir='ltr'>isto</span> <span class='ocrx_word' id='word_1_161' title='bbox 524 1243 696 1284; x_wconf 90' lang='lat' dir='ltr'>nomine</span> <span class='ocrx_word' id='word_1_162' title='bbox 726 1244 821 1298; x_wconf 85' lang='lat' dir='ltr'>capi</span> <span class='ocrx_word' id='word_1_163' title='bbox 845 1244 1061 1299; x_wconf 86' lang='lat' dir='ltr'>judicatis,</span> <span class='ocrx_word' id='word_1_164' title='bbox 1085 1250 1196 1286; x_wconf 86' lang='lat' dir='ltr'>certe</span> <span class='ocrx_word' id='word_1_165' title='bbox 1226 1246 1318 1295; x_wconf 88' lang='lat' dir='ltr'>hoc,</span> <span class='ocrx_word' id='word_1_166' title='bbox 1351 1247 1464 1301; x_wconf 91' lang='lat' dir='ltr'>quod</span> <span class='ocrx_word' id='word_1_167' title='bbox 1494 1247 1632 1287; x_wconf 85' lang='lat' dir='ltr'>adhuc</span> <span class='ocrx_word' id='word_1_168' title='bbox 1661 1262 1786 1296; x_wconf 86' lang='lat' dir='ltr'>nemo</span> 
     </span>
     <span class='ocr_line' id='line_1_19' title="bbox 182 1305 1783 1362; baseline 0.004 -17"><span class='ocrx_word' id='word_1_169' title='bbox 182 1305 268 1346; x_wconf 90' lang='lat' dir='ltr'>nisi</span> <span class='ocrx_word' id='word_1_170' title='bbox 288 1305 624 1361; x_wconf 87' lang='lat' dir='ltr'>improbissimus</span> <span class='ocrx_word' id='word_1_171' title='bbox 645 1307 757 1357; x_wconf 87' lang='lat' dir='ltr'>fecit,</span> <span class='ocrx_word' id='word_1_172' title='bbox 781 1309 956 1362; x_wconf 88' lang='lat' dir='ltr'>posthac</span> <span class='ocrx_word' id='word_1_173' title='bbox 983 1324 1107 1350; x_wconf 90' lang='lat' dir='ltr'>nemo</span> <span class='ocrx_word' id='word_1_174' title='bbox 1134 1310 1219 1350; x_wconf 89' lang='lat' dir='ltr'>nisi</span> <span class='ocrx_word' id='word_1_175' title='bbox 1239 1310 1511 1351; x_wconf 83' lang='lat' dir='ltr'>stultissimus</span> <span class='ocrx_word' id='word_1_176' title='bbox 1538 1326 1624 1351; x_wconf 88' lang='lat' dir='ltr'>non</span> <span class='ocrx_word' id='word_1_177' title='bbox 1645 1310 1783 1352; x_wconf 84' lang='lat' dir='ltr'>faciet.</span> 
     </span>
     <span class='ocr_line' id='line_1_20' title="bbox 184 1369 1786 1430; baseline 0.004 -20"><span class='ocrx_word' id='word_1_178' title='bbox 184 1369 378 1424; x_wconf 71' lang='lat' dir='ltr'>lmprobi</span> <span class='ocrx_word' id='word_1_179' title='bbox 408 1376 508 1411; x_wconf 90' lang='lat' dir='ltr'>sunt</span> <span class='ocrx_word' id='word_1_180' title='bbox 538 1372 612 1426; x_wconf 84' lang='lat' dir='ltr'>qui</span> <span class='ocrx_word' id='word_1_181' title='bbox 641 1373 841 1426; x_wconf 88' lang='lat' dir='ltr'>pecunias</span> <span class='ocrx_word' id='word_1_182' title='bbox 872 1379 1019 1414; x_wconf 89' lang='lat' dir='ltr'>contra</span> <span class='ocrx_word' id='word_1_183' title='bbox 1047 1374 1163 1429; x_wconf 89' lang='lat' dir='ltr'>leges</span> <span class='ocrx_word' id='word_1_184' title='bbox 1193 1380 1376 1429; x_wconf 85' lang='lat' dir='ltr'>cogunt;</span> <span class='ocrx_word' id='word_1_185' title='bbox 1419 1375 1540 1416; x_wconf 87' lang='lat' dir='ltr'>stulti</span> <span class='ocrx_word' id='word_1_186' title='bbox 1570 1375 1645 1430; x_wconf 88' lang='lat' dir='ltr'>qui</span> <span class='ocrx_word' id='word_1_187' title='bbox 1674 1377 1786 1430; x_wconf 90' lang='lat' dir='ltr'>quod</span> 
     </span>
     <span class='ocr_line' id='line_1_21' title="bbox 183 1434 1787 1496; baseline 0.006 -22"><span class='ocrx_word' id='word_1_188' title='bbox 183 1434 310 1475; x_wconf 84' lang='lat' dir='ltr'>licere</span> <span class='ocrx_word' id='word_1_189' title='bbox 333 1435 573 1490; x_wconf 84' lang='lat' dir='ltr'>judicatum</span> <span class='ocrx_word' id='word_1_190' title='bbox 595 1442 657 1477; x_wconf 88' lang='lat' dir='ltr'>est</span> <span class='ocrx_word' id='word_1_191' title='bbox 678 1439 1039 1491; x_wconf 86' lang='lat' dir='ltr'>praetermittunt.</span> <span class='ocrx_word' id='word_1_192' title='bbox 1101 1439 1279 1489; x_wconf 87' lang='lat' dir='ltr'>Deinde,</span> <span class='ocrx_word' id='word_1_193' title='bbox 1298 1439 1474 1496; x_wconf 86' lang='lat' dir='ltr'>judices,</span> <span class='ocrx_word' id='word_1_194' title='bbox 1498 1441 1638 1482; x_wconf 84' lang='lat' dir='ltr'>videte</span> <span class='ocrx_word' id='word_1_195' title='bbox 1658 1457 1787 1496; x_wconf 89' lang='lat' dir='ltr'>quam</span> 
     </span>
     <span class='ocr_line' id='line_1_22' title="bbox 182 1499 1786 1560; baseline 0.005 -21"><span class='ocrx_word' id='word_1_196' title='bbox 182 1499 398 1540; x_wconf 87' lang='lat' dir='ltr'>infinitam</span> <span class='ocrx_word' id='word_1_197' title='bbox 418 1500 510 1541; x_wconf 86' lang='lat' dir='ltr'>istis</span> <span class='ocrx_word' id='word_1_198' title='bbox 531 1501 775 1543; x_wconf 87' lang='lat' dir='ltr'>hominibus</span> <span class='ocrx_word' id='word_1_199' title='bbox 787 1502 1006 1544; x_wconf 82' lang='lat' dir='ltr'>licentiam</span> <span class='ocrx_word' id='word_1_200' title='bbox 1025 1504 1303 1558; x_wconf 85' lang='lat' dir='ltr'>pecuniarum</span> <span class='ocrx_word' id='word_1_201' title='bbox 1316 1505 1630 1560; x_wconf 89' lang='lat' dir='ltr'>eripiendarum</span> <span class='ocrx_word' id='word_1_202' title='bbox 1644 1507 1786 1547; x_wconf 87' lang='lat' dir='ltr'>daturi</span> 
     </span>
     <span class='ocr_line' id='line_1_23' title="bbox 184 1564 1784 1626; baseline 0.006 -22"><span class='ocrx_word' id='word_1_203' title='bbox 184 1564 289 1606; x_wconf 79' lang='lat' dir='ltr'>sitis,</span> <span class='ocrx_word' id='word_1_204' title='bbox 327 1565 372 1605; x_wconf 83' lang='lat' dir='ltr'>Si</span> <span class='ocrx_word' id='word_1_205' title='bbox 393 1570 535 1607; x_wconf 85' lang='lat' dir='ltr'>ternos</span> <span class='ocrx_word' id='word_1_206' title='bbox 555 1566 750 1608; x_wconf 87' lang='lat' dir='ltr'>denarios</span> <span class='ocrx_word' id='word_1_207' title='bbox 771 1568 845 1622; x_wconf 90' lang='lat' dir='ltr'>qui</span> <span class='ocrx_word' id='word_1_208' title='bbox 866 1569 1005 1623; x_wconf 82' lang='lat' dir='ltr'>coegit</span> <span class='ocrx_word' id='word_1_209' title='bbox 1021 1568 1102 1609; x_wconf 87' lang='lat' dir='ltr'>erit</span> <span class='ocrx_word' id='word_1_210' title='bbox 1124 1569 1351 1619; x_wconf 91' lang='lat' dir='ltr'>absolutus,</span> <span class='ocrx_word' id='word_1_211' title='bbox 1367 1576 1605 1624; x_wconf 86' lang='lat' dir='ltr'>quaternos,</span> <span class='ocrx_word' id='word_1_212' title='bbox 1621 1571 1784 1626; x_wconf 88' lang='lat' dir='ltr'>quinos,</span> 
     </span>
     <span class='ocr_line' id='line_1_24' title="bbox 183 1629 1786 1690; baseline 0.006 -21"><span class='ocrx_word' id='word_1_213' title='bbox 183 1629 312 1670; x_wconf 90' lang='lat' dir='ltr'>denos</span> <span class='ocrx_word' id='word_1_214' title='bbox 343 1630 525 1685; x_wconf 89' lang='lat' dir='ltr'>denique</span> <span class='ocrx_word' id='word_1_215' title='bbox 556 1636 629 1671; x_wconf 88' lang='lat' dir='ltr'>aut</span> <span class='ocrx_word' id='word_1_216' title='bbox 661 1632 828 1673; x_wconf 77' lang='lat' dir='ltr'>vicenos</span> <span class='ocrx_word' id='word_1_217' title='bbox 858 1638 982 1688; x_wconf 88' lang='lat' dir='ltr'>coget</span> <span class='ocrx_word' id='word_1_218' title='bbox 1012 1633 1130 1674; x_wconf 87' lang='lat' dir='ltr'>alius.</span> <span class='ocrx_word' id='word_1_219' title='bbox 1194 1634 1312 1680; x_wconf 85' lang='lat' dir='ltr'>Quae</span> <span class='ocrx_word' id='word_1_220' title='bbox 1333 1635 1414 1675; x_wconf 88' lang='lat' dir='ltr'>erit</span> <span class='ocrx_word' id='word_1_221' title='bbox 1434 1636 1716 1690; x_wconf 81' lang='lat' dir='ltr'>reprehensio,</span> <span class='ocrx_word' id='word_1_222' title='bbox 1739 1637 1786 1678; x_wconf 93' lang='lat' dir='ltr'>in</span> 
     </span>
     <span class='ocr_line' id='line_1_25' title="bbox 183 1695 1783 1757; baseline 0.006 -23"><span class='ocrx_word' id='word_1_223' title='bbox 183 1709 266 1748; x_wconf 92' lang='lat' dir='ltr'>quo</span> <span class='ocrx_word' id='word_1_224' title='bbox 299 1695 487 1749; x_wconf 89' lang='lat' dir='ltr'>primum</span> <span class='ocrx_word' id='word_1_225' title='bbox 527 1695 709 1751; x_wconf 85' lang='lat' dir='ltr'>injuriae</span> <span class='ocrx_word' id='word_1_226' title='bbox 751 1698 889 1751; x_wconf 88' lang='lat' dir='ltr'>gradu</span> <span class='ocrx_word' id='word_1_227' title='bbox 928 1698 1123 1739; x_wconf 85' lang='lat' dir='ltr'>resistere</span> <span class='ocrx_word' id='word_1_228' title='bbox 1162 1699 1338 1754; x_wconf 89' lang='lat' dir='ltr'>incipiet</span> <span class='ocrx_word' id='word_1_229' title='bbox 1377 1701 1579 1742; x_wconf 82' lang='lat' dir='ltr'>severitas</span> <span class='ocrx_word' id='word_1_230' title='bbox 1613 1701 1783 1757; x_wconf 86' lang='lat' dir='ltr'>judicis,</span> 
     </span>
     <span class='ocr_line' id='line_1_26' title="bbox 183 1759 1785 1821; baseline 0.006 -22"><span class='ocrx_word' id='word_1_231' title='bbox 183 1764 336 1813; x_wconf 87' lang='lat' dir='ltr'>quotus</span> <span class='ocrx_word' id='word_1_232' title='bbox 357 1759 438 1800; x_wconf 91' lang='lat' dir='ltr'>erit</span> <span class='ocrx_word' id='word_1_233' title='bbox 468 1760 548 1801; x_wconf 88' lang='lat' dir='ltr'>iste</span> <span class='ocrx_word' id='word_1_234' title='bbox 578 1761 776 1803; x_wconf 89' lang='lat' dir='ltr'>denarius</span> <span class='ocrx_word' id='word_1_235' title='bbox 807 1762 881 1817; x_wconf 90' lang='lat' dir='ltr'>qui</span> <span class='ocrx_word' id='word_1_236' title='bbox 910 1778 997 1804; x_wconf 91' lang='lat' dir='ltr'>non</span> <span class='ocrx_word' id='word_1_237' title='bbox 1028 1763 1083 1804; x_wconf 89' lang='lat' dir='ltr'>sit</span> <span class='ocrx_word' id='word_1_238' title='bbox 1104 1763 1314 1814; x_wconf 88' lang='lat' dir='ltr'>ferendus,</span> <span class='ocrx_word' id='word_1_239' title='bbox 1338 1769 1380 1805; x_wconf 89' lang='lat' dir='ltr'>et</span> <span class='ocrx_word' id='word_1_240' title='bbox 1409 1765 1455 1805; x_wconf 90' lang='lat' dir='ltr'>in</span> <span class='ocrx_word' id='word_1_241' title='bbox 1485 1781 1568 1820; x_wconf 93' lang='lat' dir='ltr'>quo</span> <span class='ocrx_word' id='word_1_242' title='bbox 1597 1767 1785 1821; x_wconf 89' lang='lat' dir='ltr'>primum</span> 
     </span>
     <span class='ocr_line' id='line_1_27' title="bbox 182 1825 1786 1885; baseline 0.004 -19"><span class='ocrx_word' id='word_1_243' title='bbox 182 1825 486 1867; x_wconf 85' lang='lat' dir='ltr'>aestimationis</span> <span class='ocrx_word' id='word_1_244' title='bbox 507 1826 711 1882; x_wconf 86' lang='lat' dir='ltr'>iniquitas</span> <span class='ocrx_word' id='word_1_245' title='bbox 733 1834 859 1883; x_wconf 89' lang='lat' dir='ltr'>atque</span> <span class='ocrx_word' id='word_1_246' title='bbox 875 1829 1123 1884; x_wconf 86' lang='lat' dir='ltr'>improbitas</span> <span class='ocrx_word' id='word_1_247' title='bbox 1143 1831 1477 1885; x_wconf 86' lang='lat' dir='ltr'>reprehendatur</span> <span class='ocrx_word' id='word_1_248' title='bbox 1490 1832 1510 1872; x_wconf 71' lang='grc' dir='ltr'><em>Ρ</em></span> <span class='ocrx_word' id='word_1_249' title='bbox 1549 1832 1593 1873; x_wconf 90' lang='lat' dir='ltr'>N</span> <span class='ocrx_word' id='word_1_250' title='bbox 1595 1847 1650 1873; x_wconf 90' lang='lat' dir='ltr'>on</span> <span class='ocrx_word' id='word_1_251' title='bbox 1670 1833 1786 1874; x_wconf 86' lang='grc'>0111111</span> 
     </span>
     <span class='ocr_line' id='line_1_28' title="bbox 183 1892 1784 1954; baseline 0.006 -23"><span class='ocrx_word' id='word_1_252' title='bbox 183 1906 207 1932; x_wconf 91' lang='lat' dir='ltr'>a</span> <span class='ocrx_word' id='word_1_253' title='bbox 233 1892 352 1933; x_wconf 81' lang='lat' dir='ltr'>vobis</span> <span class='ocrx_word' id='word_1_254' title='bbox 379 1908 543 1933; x_wconf 88' lang='lat' dir='ltr'>summa</span> <span class='ocrx_word' id='word_1_255' title='bbox 571 1894 643 1934; x_wconf 89' lang='lat' dir='ltr'>sed</span> <span class='ocrx_word' id='word_1_256' title='bbox 671 1909 805 1948; x_wconf 88' lang='lat' dir='ltr'>genus</span> <span class='ocrx_word' id='word_1_257' title='bbox 832 1895 1137 1938; x_wconf 86' lang='lat' dir='ltr'>aestimationis</span> <span class='ocrx_word' id='word_1_258' title='bbox 1166 1897 1247 1938; x_wconf 89' lang='lat' dir='ltr'>erit</span> <span class='ocrx_word' id='word_1_259' title='bbox 1273 1898 1614 1951; x_wconf 88' lang='lat' dir='ltr'>comprobatum:</span> <span class='ocrx_word' id='word_1_260' title='bbox 1647 1914 1784 1954; x_wconf 90' lang='lat' dir='ltr'>neque</span> 
     </span>
     <span class='ocr_line' id='line_1_29' title="bbox 181 1955 1785 2013; baseline 0.006 -17"><span class='ocrx_word' id='word_1_261' title='bbox 181 1955 262 1997; x_wconf 90' lang='grc'>1100</span> <span class='ocrx_word' id='word_1_262' title='bbox 291 1957 466 2011; x_wconf 85' lang='lat' dir='ltr'>potestis</span> <span class='ocrx_word' id='word_1_263' title='bbox 501 1957 707 2013; x_wconf 83' lang='lat' dir='ltr'>judicare,</span> <span class='ocrx_word' id='word_1_264' title='bbox 739 1959 872 2000; x_wconf 88' lang='lat' dir='ltr'>ternis</span> <span class='ocrx_word' id='word_1_265' title='bbox 902 1961 1087 2002; x_wconf 86' lang='lat' dir='ltr'>denariis</span> <span class='ocrx_word' id='word_1_266' title='bbox 1122 1962 1343 2003; x_wconf 88' lang='lat' dir='ltr'>aestimare</span> <span class='ocrx_word' id='word_1_267' title='bbox 1372 1962 1512 2012; x_wconf 88' lang='lat' dir='ltr'>licere,</span> <span class='ocrx_word' id='word_1_268' title='bbox 1544 1964 1664 2005; x_wconf 88' lang='lat' dir='ltr'>denis</span> <span class='ocrx_word' id='word_1_269' title='bbox 1698 1979 1785 2005; x_wconf 91' lang='lat' dir='ltr'>non</span> 
     </span>
     <span class='ocr_line' id='line_1_30' title="bbox 182 2019 1782 2070; baseline 0.006 -10"><span class='ocrx_word' id='word_1_270' title='bbox 182 2019 320 2061; x_wconf 86' lang='lat' dir='ltr'>licere.</span> <span class='ocrx_word' id='word_1_271' title='bbox 382 2021 470 2063; x_wconf 87' lang='lat' dir='ltr'>Ubi</span> <span class='ocrx_word' id='word_1_272' title='bbox 491 2022 606 2063; x_wconf 91' lang='lat' dir='ltr'>enim</span> <span class='ocrx_word' id='word_1_273' title='bbox 627 2023 756 2064; x_wconf 85' lang='lat' dir='ltr'>semel</span> <span class='ocrx_word' id='word_1_274' title='bbox 783 2024 835 2065; x_wconf 85' lang='lat' dir='ltr'>ab</span> <span class='ocrx_word' id='word_1_275' title='bbox 857 2040 1049 2066; x_wconf 89' lang='lat' dir='ltr'>annonae</span> <span class='ocrx_word' id='word_1_276' title='bbox 1069 2027 1234 2068; x_wconf 89' lang='lat' dir='ltr'>ratione</span> <span class='ocrx_word' id='word_1_277' title='bbox 1255 2032 1296 2068; x_wconf 88' lang='lat' dir='ltr'>et</span> <span class='ocrx_word' id='word_1_278' title='bbox 1324 2028 1376 2068; x_wconf 93' lang='lat' dir='ltr'>ab</span> <span class='ocrx_word' id='word_1_279' title='bbox 1397 2034 1612 2069; x_wconf 88' lang='lat' dir='ltr'>aratorum</span> <span class='ocrx_word' id='word_1_280' title='bbox 1632 2029 1782 2070; x_wconf 85' lang='lat' dir='ltr'>volun-</span> 
     </span>
     <span class='ocr_line' id='line_1_31' title="bbox 181 2088 1783 2150; baseline 0.007 -25"><span class='ocrx_word' id='word_1_281' title='bbox 181 2090 270 2126; x_wconf 86' lang='lat' dir='ltr'>tate</span> <span class='ocrx_word' id='word_1_282' title='bbox 300 2101 366 2127; x_wconf 88' lang='lat' dir='ltr'>res</span> <span class='ocrx_word' id='word_1_283' title='bbox 396 2088 450 2128; x_wconf 89' lang='lat' dir='ltr'>ad</span> <span class='ocrx_word' id='word_1_284' title='bbox 479 2089 685 2142; x_wconf 84' lang='lat' dir='ltr'>praetoris</span> <span class='ocrx_word' id='word_1_285' title='bbox 715 2089 939 2131; x_wconf 87' lang='lat' dir='ltr'>libidinem</span> <span class='ocrx_word' id='word_1_286' title='bbox 968 2092 1176 2133; x_wconf 87' lang='lat' dir='ltr'>translata</span> <span class='ocrx_word' id='word_1_287' title='bbox 1206 2098 1280 2142; x_wconf 88' lang='lat' dir='ltr'>est,</span> <span class='ocrx_word' id='word_1_288' title='bbox 1303 2108 1389 2134; x_wconf 91' lang='lat' dir='ltr'>non</span> <span class='ocrx_word' id='word_1_289' title='bbox 1414 2099 1477 2135; x_wconf 90' lang='lat' dir='ltr'>est</span> <span class='ocrx_word' id='word_1_290' title='bbox 1501 2094 1594 2149; x_wconf 85' lang='lat' dir='ltr'>jam</span> <span class='ocrx_word' id='word_1_291' title='bbox 1617 2095 1663 2135; x_wconf 91' lang='lat' dir='ltr'>in</span> <span class='ocrx_word' id='word_1_292' title='bbox 1687 2095 1783 2150; x_wconf 86' lang='lat' dir='ltr'>lege</span> 
     </span>
     <span class='ocr_line' id='line_1_32' title="bbox 182 2151 1782 2214; baseline 0.007 -24"><span class='ocrx_word' id='word_1_293' title='bbox 182 2164 319 2204; x_wconf 88' lang='lat' dir='ltr'>neque</span> <span class='ocrx_word' id='word_1_294' title='bbox 349 2151 395 2191; x_wconf 91' lang='lat' dir='ltr'>in</span> <span class='ocrx_word' id='word_1_295' title='bbox 425 2152 559 2194; x_wconf 82' lang='lat' dir='ltr'>officio</span> <span class='ocrx_word' id='word_1_296' title='bbox 590 2154 662 2194; x_wconf 86' lang='lat' dir='ltr'>sed</span> <span class='ocrx_word' id='word_1_297' title='bbox 692 2155 738 2195; x_wconf 91' lang='lat' dir='ltr'>in</span> <span class='ocrx_word' id='word_1_298' title='bbox 758 2155 978 2197; x_wconf 86' lang='lat' dir='ltr'>voluntate</span> <span class='ocrx_word' id='word_1_299' title='bbox 1004 2157 1227 2198; x_wconf 89' lang='lat' dir='ltr'>hominum</span> <span class='ocrx_word' id='word_1_300' title='bbox 1257 2163 1383 2213; x_wconf 86' lang='lat' dir='ltr'>atque</span> <span class='ocrx_word' id='word_1_301' title='bbox 1413 2159 1593 2200; x_wconf 86' lang='lat' dir='ltr'>avaritia</span> <span class='ocrx_word' id='word_1_302' title='bbox 1621 2159 1782 2214; x_wconf 81' lang='lat' dir='ltr'>positus</span> 
     </span>
     <span class='ocr_line' id='line_1_33' title="bbox 181 2216 1782 2278; baseline 0.006 -22"><span class='ocrx_word' id='word_1_303' title='bbox 181 2216 331 2257; x_wconf 88' lang='lat' dir='ltr'>modus</span> <span class='ocrx_word' id='word_1_304' title='bbox 359 2217 623 2259; x_wconf 88' lang='lat' dir='ltr'>aestimandi.</span> <span class='ocrx_word' id='word_1_305' title='bbox 685 2219 820 2261; x_wconf 81' lang='lat' dir='ltr'>XCV.</span> <span class='ocrx_word' id='word_1_306' title='bbox 856 2220 1123 2276; x_wconf 81' lang='lat' dir='ltr'>Quapropter</span> <span class='ocrx_word' id='word_1_307' title='bbox 1153 2222 1189 2263; x_wconf 89' lang='grc'>51</span> <span class='ocrx_word' id='word_1_308' title='bbox 1218 2238 1291 2264; x_wconf 86' lang='lat' dir='ltr'>vos</span> <span class='ocrx_word' id='word_1_309' title='bbox 1321 2223 1450 2264; x_wconf 86' lang='lat' dir='ltr'>semel</span> <span class='ocrx_word' id='word_1_310' title='bbox 1479 2223 1524 2264; x_wconf 92' lang='lat' dir='ltr'>in</span> <span class='ocrx_word' id='word_1_311' title='bbox 1549 2225 1782 2278; x_wconf 87' lang='lat' dir='ltr'>judicando</span> 
     </span>
    </p>
   </div>
   <div class='ocr_carea' id='block_1_3' title="bbox 226 2329 1783 2380">
    <p class='ocr_par' dir='ltr' id='par_1_3' title="bbox 226 2329 1783 2380">
     <span class='ocr_line' id='line_1_34' title="bbox 226 2329 1783 2380; baseline 0.008 -22"><span class='ocrx_word' id='word_1_312' title='bbox 226 2329 279 2359; x_wconf 78' lang='lat'>94.</span> <span class='ocrx_word' id='word_1_313' title='bbox 316 2331 488 2371; x_wconf 68' lang='lat' dir='ltr'>evertatis]</span> <span class='ocrx_word' id='word_1_314' title='bbox 543 2331 644 2363; x_wconf 86' lang='lat' dir='ltr'>Orelli</span> <span class='ocrx_word' id='word_1_315' title='bbox 668 2332 782 2372; x_wconf 82' lang='lat' dir='ltr'>placed</span> <span class='ocrx_word' id='word_1_316' title='bbox 811 2333 847 2373; x_wconf 90' lang='lat'>(;)</span> <span class='ocrx_word' id='word_1_317' title='bbox 872 2334 958 2365; x_wconf 80' lang='lat' dir='ltr'>after</span> <span class='ocrx_word' id='word_1_318' title='bbox 1001 2335 1081 2371; x_wconf 61' lang='lat' dir='ltr'>riis?</span> <span class='ocrx_word' id='word_1_319' title='bbox 1108 2335 1214 2365; x_wconf 79' lang='lat' dir='ltr'>which</span> <span class='ocrx_word' id='word_1_320' title='bbox 1242 2335 1341 2366; x_wconf 82' lang='lat' dir='ltr'>Klotz</span> <span class='ocrx_word' id='word_1_321' title='bbox 1371 2337 1436 2368; x_wconf 87' lang='lat' dir='ltr'>also</span> <span class='ocrx_word' id='word_1_322' title='bbox 1462 2337 1539 2374; x_wconf 77' lang='lat' dir='ltr'>has3</span> <span class='ocrx_word' id='word_1_323' title='bbox 1571 2339 1636 2369; x_wconf 88' lang='lat' dir='ltr'>and</span> <span class='ocrx_word' id='word_1_324' title='bbox 1659 2342 1715 2380; x_wconf 73' lang='lat' dir='ltr'>yet</span> <span class='ocrx_word' id='word_1_325' title='bbox 1741 2341 1783 2372; x_wconf 89' lang='lat' dir='ltr'>he</span> 
     </span>
    </p>
   </div>
   <div class='ocr_carea' id='block_1_4' title="bbox 180 2372 965 2843">
    <p class='ocr_par' dir='ltr' id='par_1_4' title="bbox 181 2372 960 2497">
     <span class='ocr_line' id='line_1_35' title="bbox 183 2372 958 2416; baseline 0.009 -16"><span class='ocrx_word' id='word_1_326' title='bbox 183 2372 380 2402; x_wconf 56' lang='lat' dir='ltr'>‘evertatis’</span> <span class='ocrx_word' id='word_1_327' title='bbox 433 2373 563 2409; x_wconf 88' lang='lat' dir='ltr'>Iordan,</span> <span class='ocrx_word' id='word_1_328' title='bbox 605 2375 771 2415; x_wconf 80' lang='lat' dir='ltr'>following</span> <span class='ocrx_word' id='word_1_329' title='bbox 811 2377 958 2416; x_wconf 84' lang='lat' dir='ltr'>Madvig,</span> 
     </span>
     <span class='ocr_line' id='line_1_36' title="bbox 183 2413 960 2455; baseline 0.009 -12"><span class='ocrx_word' id='word_1_330' title='bbox 183 2413 201 2443; x_wconf 88' lang='lat'>1</span> <span class='ocrx_word' id='word_1_331' title='bbox 231 2413 364 2451; x_wconf 81' lang='lat' dir='ltr'>believe,</span> <span class='ocrx_word' id='word_1_332' title='bbox 397 2416 506 2454; x_wconf 82' lang='lat' dir='ltr'>points</span> <span class='ocrx_word' id='word_1_333' title='bbox 541 2417 569 2447; x_wconf 86' lang='lat' dir='ltr'>it</span> <span class='ocrx_word' id='word_1_334' title='bbox 593 2417 682 2454; x_wconf 87' lang='lat' dir='ltr'>thus,</span> <span class='ocrx_word' id='word_1_335' title='bbox 710 2419 895 2455; x_wconf 76' lang='lat' dir='ltr'>‘evei-tatis,</span> <span class='ocrx_word' id='word_1_336' title='bbox 926 2420 960 2449; x_wconf 87' lang='lat' dir='ltr'>id</span> 
     </span>
     <span class='ocr_line' id='line_1_37' title="bbox 181 2457 509 2497; baseline 0.006 -11"><span class='ocrx_word' id='word_1_337' title='bbox 181 2457 360 2497; x_wconf 84' lang='lat' dir='ltr'>providete,</span> <span class='ocrx_word' id='word_1_338' title='bbox 377 2468 417 2487; x_wconf 81' lang='lat' dir='ltr'>ne</span> <span class='ocrx_word' id='word_1_339' title='bbox 429 2458 437 2470; x_wconf 86' lang='lat'><em>&#39;</em></span> <span class='ocrx_word' id='word_1_340' title='bbox 454 2458 509 2488; x_wconf 64' lang='grc' dir='ltr'>ἂρ.</span> 
     </span>
    </p>

    <p class='ocr_par' dir='ltr' id='par_1_5' title="bbox 181 2500 957 2619">
     <span class='ocr_line' id='line_1_38' title="bbox 225 2500 956 2544; baseline 0.008 -15"><span class='ocrx_word' id='word_1_341' title='bbox 225 2500 300 2529; x_wconf 75' lang='lat' dir='ltr'>istis</span> <span class='ocrx_word' id='word_1_342' title='bbox 326 2501 507 2531; x_wconf 75' lang='lat' dir='ltr'>hominibus</span> <span class='ocrx_word' id='word_1_343' title='bbox 533 2524 540 2531; x_wconf 93' lang='lat'><strong>.</strong></span> <span class='ocrx_word' id='word_1_344' title='bbox 565 2525 572 2532; x_wconf 89' lang='lat'><strong><em>.</em></strong></span> <span class='ocrx_word' id='word_1_345' title='bbox 598 2502 713 2532; x_wconf 77' lang='lat' dir='ltr'>daturi</span> <span class='ocrx_word' id='word_1_346' title='bbox 737 2503 839 2544; x_wconf 60' lang='lat' dir='ltr'>sitis]</span> <span class='ocrx_word' id='word_1_347' title='bbox 887 2504 956 2535; x_wconf 88' lang='lat' dir='ltr'>The</span> 
     </span>
     <span class='ocr_line' id='line_1_39' title="bbox 181 2542 957 2587; baseline 0.009 -16"><span class='ocrx_word' id='word_1_348' title='bbox 181 2542 318 2582; x_wconf 82' lang='lat' dir='ltr'>reading</span> <span class='ocrx_word' id='word_1_349' title='bbox 344 2544 380 2573; x_wconf 88' lang='lat' dir='ltr'>of</span> <span class='ocrx_word' id='word_1_350' title='bbox 400 2543 461 2583; x_wconf 85' lang='lat' dir='ltr'>Lg.</span> <span class='ocrx_word' id='word_1_351' title='bbox 489 2545 541 2575; x_wconf 80' lang='lat'>42.</span> <span class='ocrx_word' id='word_1_352' title='bbox 587 2545 654 2575; x_wconf 87' lang='lat' dir='ltr'>The</span> <span class='ocrx_word' id='word_1_353' title='bbox 670 2546 764 2576; x_wconf 84' lang='lat' dir='ltr'>other</span> <span class='ocrx_word' id='word_1_354' title='bbox 780 2547 915 2587; x_wconf 83' lang='lat' dir='ltr'>reading</span> <span class='ocrx_word' id='word_1_355' title='bbox 930 2548 957 2578; x_wconf 88' lang='lat' dir='ltr'>is</span> 
     </span>
     <span class='ocr_line' id='line_1_40' title="bbox 182 2585 825 2619; baseline 0.006 -4"><span class='ocrx_word' id='word_1_356' title='bbox 182 2589 191 2601; x_wconf 95' lang='lat'>‘</span> <span class='ocrx_word' id='word_1_357' title='bbox 202 2585 272 2615; x_wconf 84' lang='lat' dir='ltr'>sitis</span> <span class='ocrx_word' id='word_1_358' title='bbox 288 2585 472 2616; x_wconf 84' lang='lat' dir='ltr'>hominibus</span> <span class='ocrx_word' id='word_1_359' title='bbox 489 2610 496 2617; x_wconf 93' lang='lat'>.</span> <span class='ocrx_word' id='word_1_360' title='bbox 515 2610 521 2617; x_wconf 95' lang='lat'>.</span> <span class='ocrx_word' id='word_1_361' title='bbox 540 2610 547 2617; x_wconf 90' lang='lat'><strong>.</strong></span> <span class='ocrx_word' id='word_1_362' title='bbox 563 2588 696 2619; x_wconf 63' lang='lat' dir='ltr'>daturi?</span> <span class='ocrx_word' id='word_1_363' title='bbox 823 2593 825 2595; x_wconf 79' lang='grc'><strong>’</strong></span> 
     </span>
    </p>

    <p class='ocr_par' dir='ltr' id='par_1_6' title="bbox 180 2629 965 2800">
     <span class='ocr_line' id='line_1_41' title="bbox 224 2629 965 2672; baseline 0.008 -15"><span class='ocrx_word' id='word_1_364' title='bbox 224 2629 370 2669; x_wconf 68' lang='grc' dir='ltr'>ἱ]ῃ”ιι7·ἰ(ιο</span> <span class='ocrx_word' id='word_1_365' title='bbox 402 2630 531 2671; x_wconf 64' lang='lat' dir='ltr'>gradu]</span> <span class='ocrx_word' id='word_1_366' title='bbox 588 2633 642 2661; x_wconf 86' lang='lat' dir='ltr'>‘at</span> <span class='ocrx_word' id='word_1_367' title='bbox 672 2631 761 2662; x_wconf 86' lang='lat' dir='ltr'>what</span> <span class='ocrx_word' id='word_1_368' title='bbox 788 2632 905 2672; x_wconf 81' lang='lat' dir='ltr'>degree</span> <span class='ocrx_word' id='word_1_369' title='bbox 928 2633 965 2663; x_wconf 84' lang='lat' dir='ltr'>of</span> 
     </span>
     <span class='ocr_line' id='line_1_42' title="bbox 182 2672 960 2713; baseline 0.008 -13"><span class='ocrx_word' id='word_1_370' title='bbox 182 2681 295 2711; x_wconf 82' lang='lat' dir='ltr'>wrong</span> <span class='ocrx_word' id='word_1_371' title='bbox 330 2672 411 2702; x_wconf 81' lang='lat' dir='ltr'>shall</span> <span class='ocrx_word' id='word_1_372' title='bbox 443 2673 500 2703; x_wconf 79' lang='lat' dir='ltr'>the</span> <span class='ocrx_word' id='word_1_373' title='bbox 530 2673 671 2713; x_wconf 76' lang='lat' dir='ltr'>severity</span> <span class='ocrx_word' id='word_1_374' title='bbox 702 2674 739 2705; x_wconf 89' lang='lat' dir='ltr'>of</span> <span class='ocrx_word' id='word_1_375' title='bbox 764 2675 821 2705; x_wconf 86' lang='lat' dir='ltr'>the</span> <span class='ocrx_word' id='word_1_376' title='bbox 852 2676 960 2706; x_wconf 81' lang='lat' dir='ltr'>Judex</span> 
     </span>
     <span class='ocr_line' id='line_1_43' title="bbox 180 2713 957 2758; baseline 0.009 -16"><span class='ocrx_word' id='word_1_377' title='bbox 180 2713 279 2752; x_wconf 80' lang='lat' dir='ltr'>begin</span> <span class='ocrx_word' id='word_1_378' title='bbox 294 2717 330 2744; x_wconf 88' lang='lat' dir='ltr'>to</span> <span class='ocrx_word' id='word_1_379' title='bbox 345 2715 440 2745; x_wconf 81' lang='lat' dir='ltr'>make</span> <span class='ocrx_word' id='word_1_380' title='bbox 455 2716 630 2747; x_wconf 83' lang='lat' dir='ltr'>resistance</span> <span class='ocrx_word' id='word_1_381' title='bbox 643 2717 673 2746; x_wconf 52' lang='grc' dir='ltr'>,Ψ</span> <span class='ocrx_word' id='word_1_382' title='bbox 720 2717 848 2748; x_wconf 84' lang='lat' dir='ltr'>Horace</span> <span class='ocrx_word' id='word_1_383' title='bbox 870 2718 919 2758; x_wconf 88' lang='lat' dir='ltr'>(C.</span> <span class='ocrx_word' id='word_1_384' title='bbox 936 2719 957 2749; x_wconf 91' lang='lat' dir='ltr'>i.</span> 
     </span>
     <span class='ocr_line' id='line_1_44' title="bbox 181 2755 890 2800; baseline 0.01 -16"><span class='ocrx_word' id='word_1_385' title='bbox 181 2755 215 2795; x_wconf 86' lang='lat'>3)</span> <span class='ocrx_word' id='word_1_386' title='bbox 233 2756 290 2785; x_wconf 80' lang='lat' dir='ltr'>has</span> <span class='ocrx_word' id='word_1_387' title='bbox 307 2761 316 2773; x_wconf 86' lang='lat'>‘</span> <span class='ocrx_word' id='word_1_388' title='bbox 327 2757 431 2794; x_wconf 84' lang='lat' dir='ltr'>Quem</span> <span class='ocrx_word' id='word_1_389' title='bbox 447 2759 563 2790; x_wconf 84' lang='lat' dir='ltr'>mortis</span> <span class='ocrx_word' id='word_1_390' title='bbox 579 2760 692 2790; x_wconf 84' lang='lat' dir='ltr'>timuit</span> <span class='ocrx_word' id='word_1_391' title='bbox 708 2761 847 2800; x_wconf 84' lang='lat' dir='ltr'>gradum</span> <span class='ocrx_word' id='word_1_392' title='bbox 860 2762 890 2791; x_wconf 78' lang='lat'>?&#39;</span> 
     </span>
    </p>

    <p class='ocr_par' dir='ltr' id='par_1_7' title="bbox 224 2799 958 2843">
     <span class='ocr_line' id='line_1_45' title="bbox 224 2799 958 2843; baseline 0.01 -15"><span class='ocrx_word' id='word_1_393' title='bbox 224 2799 327 2829; x_wconf 74' lang='lat' dir='ltr'>terni-5·</span> <span class='ocrx_word' id='word_1_394' title='bbox 351 2800 515 2843; x_wconf 72' lang='lat' dir='ltr'>denariis]</span> <span class='ocrx_word' id='word_1_395' title='bbox 573 2802 603 2832; x_wconf 95' lang='lat' dir='ltr'><strong>V</strong></span> <span class='ocrx_word' id='word_1_396' title='bbox 627 2803 685 2834; x_wconf 82' lang='lat' dir='ltr'>has</span> <span class='ocrx_word' id='word_1_397' title='bbox 712 2803 836 2835; x_wconf 87' lang='lat' dir='ltr'>‘tribus</span> <span class='ocrx_word' id='word_1_398' title='bbox 862 2804 958 2836; x_wconf 81' lang='lat' dir='ltr'>dena-</span> 
     </span>
    </p>
   </div>
   <div class='ocr_carea' id='block_1_5' title="bbox 1001 2378 1782 2811">
    <p class='ocr_par' dir='ltr' id='par_1_8' title="bbox 1003 2378 1781 2421">
     <span class='ocr_line' id='line_1_46' title="bbox 1003 2378 1781 2421; baseline 0.012 -15"><span class='ocrx_word' id='word_1_399' title='bbox 1003 2378 1113 2408; x_wconf 80' lang='lat' dir='ltr'>writes</span> <span class='ocrx_word' id='word_1_400' title='bbox 1130 2381 1139 2394; x_wconf 88' lang='lat'>‘</span> <span class='ocrx_word' id='word_1_401' title='bbox 1148 2378 1238 2408; x_wconf 86' lang='lat' dir='ltr'>denis</span> <span class='ocrx_word' id='word_1_402' title='bbox 1254 2389 1319 2409; x_wconf 87' lang='lat' dir='ltr'>non</span> <span class='ocrx_word' id='word_1_403' title='bbox 1331 2380 1449 2411; x_wconf 66' lang='lat' dir='ltr'>licere.5</span> <span class='ocrx_word' id='word_1_404' title='bbox 1474 2381 1535 2421; x_wconf 81' lang='lat' dir='ltr'>Lg.</span> <span class='ocrx_word' id='word_1_405' title='bbox 1548 2383 1589 2412; x_wconf 81' lang='lat'>42</span> <span class='ocrx_word' id='word_1_406' title='bbox 1599 2383 1657 2413; x_wconf 87' lang='lat' dir='ltr'>has</span> <span class='ocrx_word' id='word_1_407' title='bbox 1673 2387 1682 2400; x_wconf 90' lang='lat'>‘</span> <span class='ocrx_word' id='word_1_408' title='bbox 1693 2384 1781 2414; x_wconf 59' lang='lat' dir='ltr'>tuis?</span> 
     </span>
    </p>

    <p class='ocr_par' dir='ltr' id='par_1_9' title="bbox 1003 2420 1781 2497">
     <span class='ocr_line' id='line_1_47' title="bbox 1048 2420 1781 2466; baseline 0.012 -17"><span class='ocrx_word' id='word_1_409' title='bbox 1048 2420 1092 2449; x_wconf 81' lang='lat' dir='ltr'>acl</span> <span class='ocrx_word' id='word_1_410' title='bbox 1112 2422 1285 2460; x_wconf 68' lang='lat' dir='ltr'>praetoris</span> <span class='ocrx_word' id='word_1_411' title='bbox 1301 2423 1484 2465; x_wconf 74' lang='lat' dir='ltr'>libidinem]</span> <span class='ocrx_word' id='word_1_412' title='bbox 1518 2428 1527 2441; x_wconf 91' lang='lat'>‘</span> <span class='ocrx_word' id='word_1_413' title='bbox 1537 2425 1578 2455; x_wconf 87' lang='lat' dir='ltr'>ad</span> <span class='ocrx_word' id='word_1_414' title='bbox 1593 2428 1781 2466; x_wconf 83' lang='lat' dir='ltr'>praetorum</span> 
     </span>
     <span class='ocr_line' id='line_1_48' title="bbox 1003 2463 1446 2497; baseline 0.011 -5"><span class='ocrx_word' id='word_1_415' title='bbox 1003 2463 1171 2493; x_wconf 86' lang='lat' dir='ltr'>libidinem</span> <span class='ocrx_word' id='word_1_416' title='bbox 1184 2464 1192 2476; x_wconf 77' lang='lat'><strong><em>³</em></strong></span> <span class='ocrx_word' id='word_1_417' title='bbox 1210 2464 1240 2493; x_wconf 82' lang='lat' dir='ltr'>V</span> <span class='ocrx_word' id='word_1_418' title='bbox 1255 2465 1319 2495; x_wconf 90' lang='lat' dir='ltr'>and</span> <span class='ocrx_word' id='word_1_419' title='bbox 1337 2466 1446 2497; x_wconf 85' lang='lat' dir='ltr'>KlotZ.</span> 
     </span>
    </p>

    <p class='ocr_par' dir='ltr' id='par_1_10' title="bbox 1001 2507 1782 2811">
     <span class='ocr_line' id='line_1_49' title="bbox 1043 2507 1782 2552; baseline 0.012 -18"><span class='ocrx_word' id='word_1_420' title='bbox 1043 2516 1142 2545; x_wconf 69' lang='lat' dir='ltr'>neque</span> <span class='ocrx_word' id='word_1_421' title='bbox 1158 2507 1192 2536; x_wconf 70' lang='lat' dir='ltr'>in</span> <span class='ocrx_word' id='word_1_422' title='bbox 1208 2507 1328 2549; x_wconf 65' lang='lat' dir='ltr'>officio]</span> <span class='ocrx_word' id='word_1_423' title='bbox 1370 2513 1379 2526; x_wconf 92' lang='lat'>‘</span> <span class='ocrx_word' id='word_1_424' title='bbox 1390 2509 1480 2541; x_wconf 84' lang='lat' dir='ltr'>Editi</span> <span class='ocrx_word' id='word_1_425' title='bbox 1496 2521 1606 2542; x_wconf 82' lang='lat' dir='ltr'>omnes</span> <span class='ocrx_word' id='word_1_426' title='bbox 1626 2514 1725 2552; x_wconf 78' lang='lat' dir='ltr'>atque</span> <span class='ocrx_word' id='word_1_427' title='bbox 1746 2513 1782 2543; x_wconf 80' lang='lat' dir='ltr'>in</span> 
     </span>
     <span class='ocr_line' id='line_1_50' title="bbox 1002 2548 1779 2595; baseline 0.012 -18"><span class='ocrx_word' id='word_1_428' title='bbox 1002 2548 1105 2588; x_wconf 72' lang='lat' dir='ltr'>qffi&#39;ez&#39;o</span> <span class='ocrx_word' id='word_1_429' title='bbox 1116 2549 1125 2561; x_wconf 87' lang='lat'>’</span> <span class='ocrx_word' id='word_1_430' title='bbox 1144 2549 1302 2591; x_wconf 86' lang='lat' dir='ltr'>(Zumpt).</span> <span class='ocrx_word' id='word_1_431' title='bbox 1332 2555 1341 2569; x_wconf 87' lang='lat'>‘</span> <span class='ocrx_word' id='word_1_432' title='bbox 1351 2552 1463 2592; x_wconf 66' lang='lat' dir='ltr'>IVeque</span> <span class='ocrx_word' id='word_1_433' title='bbox 1479 2553 1518 2589; x_wconf 90' lang='lat' dir='ltr'>V,</span> <span class='ocrx_word' id='word_1_434' title='bbox 1536 2554 1555 2586; x_wconf 89' lang='grc'>7</span> <span class='ocrx_word' id='word_1_435' title='bbox 1573 2554 1688 2595; x_wconf 72' lang='lat' dir='ltr'>Lagg„</span> <span class='ocrx_word' id='word_1_436' title='bbox 1705 2555 1779 2586; x_wconf 85' lang='lat' dir='ltr'>alii:</span> 
     </span>
     <span class='ocr_line' id='line_1_51' title="bbox 1003 2592 1780 2638; baseline 0.012 -18"><span class='ocrx_word' id='word_1_437' title='bbox 1003 2601 1062 2630; x_wconf 75' lang='lat' dir='ltr'>que</span> <span class='ocrx_word' id='word_1_438' title='bbox 1078 2592 1139 2631; x_wconf 78' lang='lat' dir='ltr'>Lg.</span> <span class='ocrx_word' id='word_1_439' title='bbox 1156 2594 1197 2622; x_wconf 77' lang='lat'>42</span> <span class='ocrx_word' id='word_1_440' title='bbox 1207 2606 1217 2629; x_wconf 91' lang='lat'>,·</span> <span class='ocrx_word' id='word_1_441' title='bbox 1242 2596 1349 2633; x_wconf 65' lang='lat' dir='ltr'>atque,</span> <span class='ocrx_word' id='word_1_442' title='bbox 1367 2595 1435 2626; x_wconf 66' lang='lat' dir='ltr'>Or!</span> <span class='ocrx_word' id='word_1_443' title='bbox 1454 2596 1613 2637; x_wconf 86' lang='lat' dir='ltr'>(Iordan).</span> <span class='ocrx_word' id='word_1_444' title='bbox 1659 2598 1780 2638; x_wconf 82' lang='lat' dir='ltr'>Zumpt</span> 
     </span>
     <span class='ocr_line' id='line_1_52' title="bbox 1005 2634 1780 2676; baseline 0.012 -13"><span class='ocrx_word' id='word_1_445' title='bbox 1005 2634 1122 2665; x_wconf 85' lang='lat' dir='ltr'>doubts</span> <span class='ocrx_word' id='word_1_446' title='bbox 1148 2635 1178 2665; x_wconf 87' lang='lat' dir='ltr'>if</span> <span class='ocrx_word' id='word_1_447' title='bbox 1199 2638 1336 2676; x_wconf 80' lang='lat' dir='ltr'>‘atque’</span> <span class='ocrx_word' id='word_1_448' title='bbox 1361 2638 1387 2668; x_wconf 88' lang='lat' dir='ltr'>is</span> <span class='ocrx_word' id='word_1_449' title='bbox 1411 2639 1594 2670; x_wconf 81' lang='lat' dir='ltr'>admissible</span> <span class='ocrx_word' id='word_1_450' title='bbox 1609 2640 1643 2670; x_wconf 88' lang='lat' dir='ltr'>in</span> <span class='ocrx_word' id='word_1_451' title='bbox 1659 2641 1739 2672; x_wconf 86' lang='lat' dir='ltr'>such</span> <span class='ocrx_word' id='word_1_452' title='bbox 1761 2652 1780 2672; x_wconf 87' lang='lat' dir='ltr'>a</span> 
     </span>
     <span class='ocr_line' id='line_1_53' title="bbox 1005 2679 1780 2723; baseline 0.01 -17"><span class='ocrx_word' id='word_1_453' title='bbox 1005 2687 1075 2707; x_wconf 80' lang='lat' dir='ltr'>case</span> <span class='ocrx_word' id='word_1_454' title='bbox 1100 2688 1133 2707; x_wconf 87' lang='lat' dir='ltr'>as</span> <span class='ocrx_word' id='word_1_455' title='bbox 1159 2679 1236 2715; x_wconf 84' lang='lat' dir='ltr'>this,</span> <span class='ocrx_word' id='word_1_456' title='bbox 1261 2680 1312 2710; x_wconf 89' lang='lat' dir='ltr'>for</span> <span class='ocrx_word' id='word_1_457' title='bbox 1338 2681 1431 2712; x_wconf 85' lang='lat' dir='ltr'>there</span> <span class='ocrx_word' id='word_1_458' title='bbox 1458 2682 1484 2711; x_wconf 90' lang='grc'>15</span> <span class='ocrx_word' id='word_1_459' title='bbox 1506 2683 1578 2713; x_wconf 88' lang='lat' dir='ltr'>first</span> <span class='ocrx_word' id='word_1_460' title='bbox 1594 2693 1613 2713; x_wconf 84' lang='grc'>3</span> <span class='ocrx_word' id='word_1_461' title='bbox 1628 2684 1780 2723; x_wconf 82' lang='lat' dir='ltr'>negative</span> 
     </span>
     <span class='ocr_line' id='line_1_54' title="bbox 1004 2720 1779 2767; baseline 0.012 -18"><span class='ocrx_word' id='word_1_462' title='bbox 1004 2720 1107 2761; x_wconf 85' lang='lat' dir='ltr'>(non),</span> <span class='ocrx_word' id='word_1_463' title='bbox 1125 2722 1189 2751; x_wconf 86' lang='lat' dir='ltr'>and</span> <span class='ocrx_word' id='word_1_464' title='bbox 1206 2723 1296 2763; x_wconf 86' lang='lat' dir='ltr'>‘lege</span> <span class='ocrx_word' id='word_1_465' title='bbox 1313 2747 1319 2753; x_wconf 95' lang='lat'>.</span> <span class='ocrx_word' id='word_1_466' title='bbox 1338 2747 1345 2754; x_wconf 91' lang='lat'><strong><em>.</em></strong></span> <span class='ocrx_word' id='word_1_467' title='bbox 1364 2747 1370 2753; x_wconf 95' lang='lat'>.</span> <span class='ocrx_word' id='word_1_468' title='bbox 1387 2725 1509 2755; x_wconf 85' lang='lat' dir='ltr'>officio&#39;</span> <span class='ocrx_word' id='word_1_469' title='bbox 1533 2736 1587 2756; x_wconf 89' lang='lat' dir='ltr'>are</span> <span class='ocrx_word' id='word_1_470' title='bbox 1610 2727 1779 2767; x_wconf 83' lang='lat' dir='ltr'>separated</span> 
     </span>
     <span class='ocr_line' id='line_1_55' title="bbox 1001 2763 1613 2811; baseline 0.01 -18"><span class='ocrx_word' id='word_1_471' title='bbox 1001 2763 1044 2803; x_wconf 81' lang='lat' dir='ltr'>by</span> <span class='ocrx_word' id='word_1_472' title='bbox 1061 2774 1079 2794; x_wconf 84' lang='lat' dir='ltr'>a</span> <span class='ocrx_word' id='word_1_473' title='bbox 1094 2765 1271 2807; x_wconf 86' lang='lat' dir='ltr'>repetition</span> <span class='ocrx_word' id='word_1_474' title='bbox 1286 2766 1323 2797; x_wconf 91' lang='lat' dir='ltr'>of</span> <span class='ocrx_word' id='word_1_475' title='bbox 1334 2767 1391 2797; x_wconf 88' lang='lat' dir='ltr'>the</span> <span class='ocrx_word' id='word_1_476' title='bbox 1406 2768 1613 2811; x_wconf 75' lang='lat' dir='ltr'>preposition,</span> 
     </span>
    </p>
   </div>
  </div>
 </body>
</html>
