1849 3167
496 114 623 157 ΑΟΤ.
653 114 718 157 Π.
749 112 936 156 LIBER
964 113 1208 157 PRIMUS.
1592 119 1674 160 123

88 234 195 272 strat
215 228 470 286 incolumem
483 245 570 272 esse
582 245 668 272 non
680 244 812 286 posse,
830 228 867 270 si
878 227 1132 270 Philodamo
1152 228 1296 270 vivere
1313 233 1439 285 atque
1448 230 1676 287 aliquando

87 295 270 337 Romam
299 296 445 338 venire
475 296 674 338 licuisset.
737 295 980 352 Commotus
1011 300 1074 336 est
1098 294 1345 336 Dolabella:
1380 296 1480 337 fecit
1500 297 1544 338 id
1565 298 1678 353 quod

85 361 213 402 multi
226 362 601 417 reprehenderunt,
618 367 666 403 ut
680 361 926 410 exercitum,
940 360 1217 416 provinciam,
1231 360 1391 402 bellum
1406 361 1676 417 relinqueret,

87 431 130 467 et
150 426 194 468 in
216 426 365 469 Asiam
385 427 569 469 hominis
589 427 838 484 nequis-simi
858 442 983 469 causa
1012 427 1059 467 in
1085 426 1268 468 alienam
1289 426 1552 481 provinciam
1580 443 1677 483 pro-

86 491 353 534 ficisceretur.
415 493 697 550 Posteaquam
727 494 781 535 ad
808 492 1025 535 Neronem
1058 492 1190 542 venit,
1222 493 1443 549 contQidit
1473 493 1525 534 ab
1554 509 1601 534 eo
1630 499 1679 535 ut

85 556 330 599 Philodami
350 573 518 601 causam
547 564 826 616 cognosceret.
887 559 1075 600 Venerat
1095 558 1185 613 ipse
1206 558 1280 614 qui
1304 565 1411 600 esset
1439 558 1485 599 in
1506 559 1681 600 consilio

86 629 130 665 et
155 623 317 678 primus
349 626 603 667 sententiam
629 626 812 676 diceret3
848 625 1083 666 adduxerat
1112 624 1242 666 etiam
1270 624 1502 680 praefectos
1531 630 1574 666 et
1602 625 1679 666 tri-

85 689 220 731 bunos
240 690 446 732 militares
467 706 560 733 suos
581 707 684 747 quos
704 691 818 734 Nero
840 706 983 732 omnes
1003 690 1048 731 in
1069 690 1291 732 consilium
1306 690 1497 741 vocavit;
1524 695 1614 732 erat
1634 690 1681 732 in

86 755 260 797 consilio
281 756 410 797 etiam
431 757 706 813 aequissimus
717 757 853 813 judex
872 755 961 812 ipse
980 756 1155 807 Verres;
1188 761 1308 797 erant
1328 744 1525 815 nonnulli
1544 757 1683 812 togati

86 821 313 863 creditores
335 821 606 876 Graecorum,
638 823 790 878 quibus
820 823 875 864 ad
904 822 1134 882 exigendas
1153 822 1352 876 pecunias
1381 822 1682 878 improbissimi

86 887 289 943 cujusque
321 888 455 944 legati
489 889 722 944 plurimum
748 889 917 946 prodest
950 888 1101 943 gratia.
1162 887 1244 929 Ille
1267 887 1395 942 miger
1419 888 1682 930 defensorem

85 953 300 994 neminem
327 954 511 1012 reperire
531 959 709 1010 poterat.
772 953 877 1000 Quis
898 954 1013 995 enim
1038 959 1145 995 esset
1172 959 1245 995 aut
1265 959 1437 1011 togatus
1457 954 1531 1009 qui
1551 954 1680 995 Dola-

85 1018 221 1060 bellae
242 1020 394 1075 gratia‚
410 1026 483 1061 aut
504 1020 689 1062 Graecus
705 1020 780 1075 qui
799 1020 987 1075 ejusdem
1001 1020 1045 1061 vi
1060 1025 1102 1061 et
1118 1019 1294 1074 imperio
1310 1034 1396 1060 non
1408 1025 1648 1061 moveretur
1661 1020 1682 1062 ?

85 1084 318 1127 Accusator
338 1091 480 1127 autem
501 1086 729 1141 apponitur
749 1085 852 1127 civis
873 1085 1092 1127 Romanus
1107 1086 1159 1126 de
1180 1085 1457 1127 creditoribus
1478 1085 1680 1141 Lampsa-

86 1165 298 1201 cenorum,
334 1151 409 1207 qui
444 1152 479 1193 si
519 1151 694 1193 dixisset
725 1151 838 1206 quod
875 1151 955 1192 iste
981 1151 1187 1207 jussisset,
1228 1166 1304 1206 per
1335 1151 1522 1207 ejusdem
1560 1151 1684 1193 istius

85 1215 253 1258 lictores
274 1232 298 1258 a
318 1217 474 1272 populo
494 1217 718 1272 pecuniam
737 1222 877 1272 posset
897 1216 1080 1272 exigere.
1130 1216 1273 1263 Quum
1292 1217 1396 1258 haec
1409 1217 1550 1258 omnia
1562 1223 1683 1259 tanta

85 1281 367 1332 contentione,
401 1283 532 1324 tantis
564 1283 694 1338 copiis
725 1287 978 1338 agerentur3
1009 1298 1142 1338 quum
1170 1282 1294 1324 illum
1323 1282 1525 1324 miserum
1556 1283 1683 1324 multi

85 1346 342 1398 accusa-rent,
373 1363 497 1390 nemo
524 1348 794 1398 defenderet3
829 1363 1043 1404 quumque
1073 1348 1293 1389 Dolabella
1327 1364 1423 1390 cum
1449 1348 1534 1390 suis
1561 1364 1681 1404 prae-

84 1413 206 1455 fectis
226 1419 439 1469 pugnaret
459 1414 504 1456 in
525 1414 724 1465 consilio3
756 1414 912 1456 Verres
933 1414 1125 1456 fortunas
1146 1414 1218 1470 agi
1239 1429 1335 1455 suas
1355 1414 1539 1465 diceret3
1570 1415 1684 1456 idem

87 1479 378 1522 testimonium
417 1480 588 1530 diceret,
629 1481 744 1522 idem
783 1487 890 1523 esset
930 1480 977 1521 in
1016 1480 1202 1530 consilio,
1244 1480 1358 1521 idem
1399 1485 1684 1522 accusatorem

85 1550 300 1605 parasset3
330 1545 435 1587 haec
467 1561 599 1601 quum
631 1547 773 1588 omnia
799 1546 951 1588 fierent
984 1551 1026 1588 et
1060 1562 1192 1602 quum
1226 1545 1442 1587 hominem
1473 1551 1684 1608 constaret

86 1610 282 1661 occisum,
307 1616 450 1652 tamen
480 1616 602 1653 tanta
624 1612 690 1653 vis
713 1612 835 1654 istius
858 1612 1055 1668 injuriae,
1092 1617 1213 1653 tanta
1244 1610 1291 1652 in
1324 1611 1404 1653 isto
1435 1611 1684 1667 improbitas

86 1677 316 1732 putabatur
335 1682 384 1718 ut
404 1677 456 1718 de
477 1677 729 1719 Philodamo
751 1692 943 1727 Ain->Lim
963 1677 1323 1733 pronuntiaretur.

144 1741 287 1783 XXX.
322 1742 437 1789 Quid
463 1758 541 1798 ego
567 1758 682 1785 nunc
708 1743 755 1784 in
782 1743 1107 1795 altera—,actione
1129 1742 1205 1783 Cn.
1228 1741 1474 1784 Dolabellae
1494 1742 1681 1797 spiritus,

87 1807 192 1863 quid
210 1807 336 1863 hujus
356 1807 552 1849 lacrimas
581 1813 623 1849 et
652 1809 989 1867 concursationes
1015 1807 1261 1867 proferam?
1292 1807 1395 1862 quid
1416 1806 1461 1848 C.
1484 1807 1681 1859 Neronis,

86 1872 171 1914 viri
190 1872 340 1928 optimi
360 1878 486 1928 atque
501 1872 847 1923 innocentissimi,
861 1873 1076 1915 nonnullis
1089 1873 1135 1914 in
1154 1873 1278 1914 rebus
1298 1872 1487 1914 animum
1502 1873 1684 1916 nimium

87 1938 288 1979 timidum
317 1942 443 1993 atque
473 1938 734 1994 demissum?
765 1939 838 1994 qui
858 1938 902 1980 in
924 1938 998 1979 illa
1019 1954 1063 1979 re
1084 1938 1185 1993 quid
1216 1938 1352 1979 facere
1382 1939 1566 1993 potuerit
1596 1954 1683 1981 non

88 2003 283 2054 habebat,
305 2003 388 2044 nisi
408 2002 528 2053 forte,
551 2003 596 2044 id
617 2004 729 2059 quod
749 2019 892 2045 omnes
912 2009 1005 2045 tum
1025 2003 1333 2053 desiderabant,
1354 2009 1403 2045 ut
1424 2010 1569 2060 ageret
1590 2020 1683 2047 eam

133 2137 185 2168 29.
202 2135 287 2176 quod
302 2135 397 2165 multi
412 2134 713 2176 reprehenderunt]
754 2134 864 2166 Cicero

89 2180 209 2220 merely
226 2190 297 2219 says
318 2179 391 2209 that
408 2189 505 2219 many
521 2189 650 2218 persons=
666 2178 765 2208 found
780 2179 864 2210 fimlt

90 2223 170 2254 with
188 2222 353 2253 Dolabella
368 2222 417 2252 for
432 2222 560 2261 leaving
575 2222 624 2251 his
640 2222 789 2261 province
805 2233 862 2253 un-

90 2267 147 2297 der
163 2266 219 2297 the
236 2266 494 2296 circumstances.
541 2264 736 2295 Hotmanu’s
752 2266 863 2296 notion

90 2310 166 2341 that
189 2309 267 2340 such
291 2308 431 2339 conduct
447 2319 510 2338 was
532 2308 732 2348 punish-able,
748 2309 862 2350 hardly

91 2353 235 2394 requires
261 2363 279 2382 a
307 2352 522 2382 coufutation.
569 2351 677 2387 Klotz,
705 2352 862 2389 however,

90 2396 149 2426 has
171 2396 281 2426 shown
303 2395 378 2426 that
401 2395 458 2426 the
478 2395 530 2424 old
551 2398 785 2426 connueutator
801 2406 864 2426 was

91 2439 263 2470 mistaken.
309 2439 336 2468 A
355 2449 442 2468 mere
465 2438 609 2478 personal
632 2438 765 2469 absence
780 2439 862 2469 from

91 2482 142 2513 his
156 2482 318 2523 province,
335 2481 399 2511 like
415 2481 491 2515 this,
508 2492 571 2510 was
594 2484 651 2511 not
667 2491 708 2511 un
724 2483 863 2519 offence;

91 2526 149 2556 the
161 2535 329 2566 governor,
340 2525 411 2554 who
421 2524 550 2564 quitted
565 2524 614 2554 his
623 2525 773 2565 province
785 2526 863 2556 fora

92 2571 277 2608 temporary
303 2578 449 2608 purpose,
476 2568 535 2598 left
564 2578 583 2598 a
612 2569 864 2608 representative

90 2612 211 2643 behind
227 2612 304 2641 him.

136 2654 257 2695 {offali}
304 2656 463 2685 Romans:
488 2654 651 2695 ‘equitis'
664 2666 697 2685 as
710 2655 863 2686 Asconius

91 2710 174 2739 sayS.
228 2698 315 2739 They
340 2709 412 2738 may
437 2709 472 2728 or
496 2708 568 2738 may
593 2703 650 2729 not
676 2699 756 2729 have
782 2699 862 2729 been

93 2746 101 2759 ‘
115 2741 260 2782 equite-*3¹
277 2742 402 2781 though
425 2741 451 2772 it
470 2742 495 2772 is
518 2745 601 2772 most
616 2742 767 2782 probable
787 2743 862 2773 that

92 2785 170 2825 they
208 2795 300 2815 were.
359 2785 447 2825 They
486 2795 568 2815 were
606 2785 863 2825 ‘negotiatori-sl

92 2832 102 2846 ‘
115 2828 231 2867 Togati
244 2827 252 2840 ³
280 2828 306 2857 is
335 2840 353 2859 a
377 2828 507 2867 general
536 2838 629 2859 name
658 2829 708 2860 for
738 2829 865 2861 Roman

93 2871 226 2903 citizens=
243 2871 388 2912 (Sallust,
404 2872 483 2912 Jug.
500 2881 526 2902 e.
544 2872 610 2913 21).

952 2136 1057 2176 ampli
1061 2134 1110 2176 vs]
1151 2135 1204 2166 He
1219 2146 1284 2165 was
1296 2138 1353 2166 not
1366 2136 1563 2167 condemned
1579 2148 1615 2167 or
1630 2148 1682 2169 ae-

908 2179 1047 2219 quitted,
1058 2179 1117 2209 hut
1131 2179 1186 2209 the
1203 2190 1272 2209 case
1286 2190 1348 2209 was
1359 2179 1550 2220 adjourned:
1568 2186 1575 2197 ‘
1587 2192 1683 2212 eausa.

907 2223 1059 2263 ampliata
1076 2223 1146 2253 est?
1192 2223 1250 2253 See
1274 2222 1329 2253 the
1349 2233 1481 2263 passage
1504 2224 1536 2254 in
1561 2225 1682 2255 Gellius

908 2266 984 2306 (xiv.
1001 2277 1028 2297 c.
1049 2267 1094 2306 2),
1120 2266 1243 2306 ‘juravi
1259 2265 1337 2296 mihi
1361 2277 1424 2296 non
1444 2267 1564 2307 liquere
1575 2268 1595 2304 ;’
1618 2269 1682 2299 and

908 2309 964 2340 the
980 2310 1139 2350 examples
1155 2309 1188 2339 in
1210 2309 1389 2346 Fon-euim,
1406 2321 1435 2340 v.
1452 2311 1609 2351 Amplius,
1626 2312 1681 2342 ἃς.

950 2354 1002 2384 30.
1026 2354 1059 2383 in
1076 2354 1184 2383 altera
1201 2352 1343 2394 actione]
1393 2353 1431 2383 In
1455 2354 1512 2385 the
1534 2355 1682 2395 proceed—

907 2396 979 2437 ings
994 2397 1121 2437 against
1140 2396 1345 2427 Philodamus
1361 2397 1445 2427 after
1461 2397 1517 2428 the
1533 2398 1682 2438 :uljourn-

907 2442 1008 2470 ment.
1054 2445 1072 2457 ‘⁴
1088 2440 1174 2470 Hinc
1206 2443 1339 2480 apparet
1366 2440 1464 2470 etium
1491 2441 1524 2471 in
1551 2442 1682 2482 amplia-

907 2483 995 2514 tione
1011 2484 1150 2513 allemm
1168 2483 1231 2514 diei
1248 2483 1517 2523 quemadmodum
1541 2485 1574 2515 in
1598 2496 1682 2516 com-

907 2527 1203 2567 perendinatione.”
1221 2526 1362 2567 (Asi-on.)

952 2571 1083 2600 nimium
1136 2570 1300 2611 timidum]
1348 2575 1355 2587 ‘
1368 2570 1462 2600 nimis
1510 2571 1661 2602 timidum
1674 2572 1682 2585 ¹

907 2612 1016 2644 Orelli.

939 2658 1058 2697 facere
1069 2656 1233 2697 poluerit]
1282 2656 1411 2687 Ernesti
1436 2658 1592 2697 proposed
1615 2663 1623 2674 ‘
1637 2659 1682 2689 fa-

908 2701 1015 2731 ceret'
1045 2711 1081 2730 or
1112 2701 1234 2730 ‘tiu-ere
1265 2700 1391 2740 posset)
1452 2700 1570 2731 lordau
1600 2712 1682 2742 says,

908 2744 970 2774 “h.
991 2744 1012 2774 l.
1040 2744 1265 2783 conjurwtivus
1298 2743 1432 2783 perfecti
1475 2744 1574 2775 violat
1597 2745 1682 2784 leges

906 2787 1060 2818 sermonis
1083 2786 1256 2818 Tulliani?
1301 2787 1360 2817 See
1382 2786 1416 2817 ii.
1443 2786 1515 2818 Lib.
1531 2789 1561 2819 2.
1586 2798 1613 2819 e.
1630 2789 1682 2825 21,

909 2830 1105 2871 ‘ponerent.'
