1849 3167
153 95 237 138 410
740 97 810 141 IN
841 96 886 139 O.
918 97 1174 140 VERREM

154 210 490 252 instrumentum
518 224 686 253 necesse
717 216 792 253 est.
875 211 1000 258 Quod
1029 211 1065 253 si
1095 212 1175 253 hoc
1204 227 1359 255 munus
1389 218 1431 255 et
1460 215 1540 257 hoc
1569 215 1756 271 vectigal

154 281 297 316 arator
317 275 510 326 tolerare,
532 276 612 318 hoc
633 282 708 327 est,
732 277 877 318 Sicilia
898 276 1010 318 ferre
1030 292 1078 318 ac
1098 277 1189 331 pati
1210 283 1358 332 potest,
1379 281 1535 335 populo
1562 281 1755 322 Romano

153 341 264 382 ferat
284 341 425 396 potius
446 357 574 397 quam
593 343 749 384 nostris
770 342 1104 396 magistratibus.
1165 342 1328 398 Magna
1344 349 1408 385 est
1428 346 1542 386 enim
1562 347 1753 401 pecunia,

153 422 361 462 magnum
381 408 729 463 praeclarumque
749 407 948 463 vectigal,
972 408 1009 449 si
1028 409 1153 449 modo
1174 408 1219 449 id
1235 408 1350 450 salva
1365 411 1596 464 provincia,
1615 412 1649 453 si
1666 412 1756 453 sine

153 472 312 528 injuria
333 474 539 515 sociorum
561 474 775 528 percipere
796 488 1028 528 possumus.
1071 474 1196 515 Nihil
1216 474 1393 516 detraho
1408 476 1753 531 magistratibus:

152 539 408 580 tantundem
428 539 552 579 detur
572 539 618 579 in
639 538 791 579 cellam
810 544 1020 594 quantum
1041 554 1205 594 semper
1226 540 1374 580 datum
1390 545 1476 582 est:
1508 543 1620 596 quod
1635 557 1754 597 prae-

151 608 268 644 terea
285 603 440 645 Verres
461 604 655 659 imperat,
674 604 720 644 id
741 603 776 645 si
797 603 934 645 facere
955 619 1041 645 non
1062 609 1240 659 possunt
1260 611 1478 657 recusent3
1511 607 1547 648 si
1566 612 1754 662 possunt,

151 669 300 724 populi
331 669 516 710 Romani
555 669 697 724 potius
732 669 812 710 hoc
849 669 904 710 sit
945 669 1131 725 vectigal
1171 685 1300 725 quam
1338 672 1496 725 praeda
1535 673 1753 727 praetoris.
1791 705 1795 709 .

152 735 319 776 Deinde
340 750 414 776 cur
434 735 479 776 in
500 735 581 776 isto
603 750 758 790 genere
774 735 860 776 solo
877 735 1079 776 frumenti
1094 735 1176 777 ista
1192 736 1429 777 aestimatio
1445 738 1756 779 constituatur?

152 800 198 840 Si
220 805 282 841 est
303 815 436 855 aequa
457 807 499 841 et
521 793 707 850 ferenda,
731 801 856 842 debet
876 800 1032 856 populo
1054 800 1249 842 Romano
1270 801 1416 843 Sicilia
1445 803 1653 853 decumas,
1685 804 1757 844 det

150 880 227 919 pro
249 865 430 920 singulis
450 866 603 907 modiis
624 866 760 907 tritici
780 871 923 908 ternos
939 881 992 908 x:
1026 867 1107 908 sibi
1127 867 1282 909 habeat
1308 867 1583 910 frumentum.
1644 869 1757 911 Data

150 930 231 971 tibi
252 936 315 971 est
334 931 526 985 pecunia,
549 931 717 981 Verres,
740 947 826 973 una
846 947 931 987 qua
951 933 1215 973 frumentum
1245 933 1325 974 tibi
1346 949 1504 975 emeres
1525 934 1571 975 in
1592 935 1755 984 cellam,

149 995 283 1037 altera
305 1011 389 1051 qua
410 996 674 1038 frumentum
695 1013 853 1039 emeres
875 1014 899 1039 a
921 999 1166 1040 civitatibus
1195 1000 1309 1054 quod
1338 999 1521 1040 Romam
1540 999 1755 1041 mitteres:

148 1061 229 1102 tibi
250 1062 394 1103 datam
409 1063 633 1117 pecuniam
655 1063 771 1104 domi
803 1064 972 1114 retines,
996 1072 1038 1105 et
1058 1069 1277 1119 praeterea
1307 1064 1532 1120 pecuniam
1561 1079 1758 1120 permag-

148 1142 250 1168 nam
289 1133 362 1169 tuo
402 1129 574 1170 nomine
615 1128 766 1170 aufers.
840 1129 927 1171 Fac
967 1130 1082 1171 idem
1120 1130 1167 1170 in
1207 1145 1255 1170 eo
1295 1130 1509 1171 frumento
1551 1130 1664 1185 quod
1703 1130 1758 1171 ad

148 1193 353 1248 populum
373 1194 617 1235 Romanum
637 1195 849 1249 pertinet3
882 1195 1008 1251 exige
1029 1196 1176 1236 eadem
1207 1195 1500 1236 aestimatione
1530 1195 1757 1250 pecuniam

148 1274 173 1299 a
194 1259 452 1308 civitatibus,
477 1264 519 1300 et
540 1260 651 1300 refer
672 1275 798 1315 quam
831 1261 1055 1315 accepisti:
1083 1261 1176 1316 jam
1205 1260 1403 1302 refertius
1434 1260 1516 1302 erit
1546 1261 1755 1302 aerarium

147 1324 295 1379 populi
316 1324 500 1366 Romani
521 1340 650 1380 quam
670 1341 861 1381 unquam
882 1326 1100 1367 fuis—At
1121 1326 1237 1367 enim
1256 1326 1383 1367 istam
1410 1341 1500 1367 rem
1521 1326 1566 1366 in
1587 1326 1756 1381 publico

147 1391 362 1432 frumento
385 1390 530 1432 Sicilia
560 1406 646 1432 non
674 1391 830 1433 ferret:
862 1392 975 1433 hanc
1006 1407 1098 1433 rem
1128 1392 1175 1432 in
1208 1407 1301 1432 meo
1336 1391 1552 1432 frumento
1582 1391 1756 1432 tulit.—

146 1455 333 1497 Proinde
358 1457 480 1512 quasi
500 1462 573 1498 aut
594 1457 767 1513 aequior
788 1458 843 1499 sit
863 1458 944 1499 ista
967 1457 1204 1499 aestimatio
1225 1457 1270 1497 in
1292 1461 1365 1498 tuo
1393 1471 1521 1511 quam
1542 1456 1588 1497 in
1609 1457 1757 1512 populi

146 1521 329 1562 Romani
365 1523 596 1572 commodo,
619 1528 693 1563 aut
714 1538 762 1564 ea
783 1538 849 1564 res
870 1538 999 1578 quam
1020 1538 1099 1578 ego
1121 1523 1226 1572 dico,
1251 1527 1292 1563 et
1314 1537 1362 1562 ea
1383 1537 1513 1576 quam
1533 1526 1581 1562 tu
1602 1522 1753 1572 fecisti,

145 1587 259 1628 inter
279 1603 323 1628 se
344 1603 498 1642 genere
519 1588 713 1643 injuriae,
736 1603 823 1630 non
839 1588 1137 1644 magnitudine
1152 1587 1356 1643 pecuniae
1372 1586 1550 1627 differat.
1593 1587 1756 1628 Verum

145 1652 272 1693 istam
288 1652 425 1707 ipsam
441 1652 592 1693 cellam
608 1652 718 1694 ferre
738 1654 857 1694 nullo
877 1654 1002 1695 modo
1018 1659 1195 1709 possunt
1211 1669 1219 1694 ε
1242 1658 1290 1694 ut
1306 1652 1448 1693 omnia
1464 1652 1754 1703 remittantur,

144 1723 193 1759 ut
224 1718 420 1760 omnibus
450 1718 621 1775 injuriis
652 1724 694 1761 et
725 1719 1040 1762 calamitatibus
1071 1735 1175 1776 quas
1205 1723 1248 1760 te
1278 1723 1473 1774 praetore
1494 1718 1688 1760 tulerunt
1708 1719 1755 1760 in

145 1849 261 1889 phrase
279 1850 329 1880 ‘at
344 1849 449 1880 least.'
494 1850 562 1880 The
579 1852 589 1867 ‘
599 1850 729 1881 arator'
751 1850 846 1881 could
869 1852 928 1881 not
973 1850 1113 1881 editions
1129 1849 1210 1881 omit
1235 1848 1370 1880 ‘debet’
1395 1848 1460 1879 and
1482 1848 1565 1879 have
1582 1852 1591 1865 ‘
1603 1848 1755 1880 decumas

145 1893 241 1923 make
257 1893 336 1923 such
352 1904 369 1923 a
386 1896 542 1933 payment
559 1895 617 1923 out
645 1894 682 1924 of
700 1894 750 1924 his
774 1894 927 1934 produce,

146 1938 181 1966 at
208 1936 309 1973 least3
332 1936 373 1967 he
400 1939 489 1967 must
512 1937 594 1967 have
619 1937 687 1967 sold
712 1937 761 1967 his
785 1937 929 1978 farming

145 1979 238 2010 stock
254 1982 289 2010 to
306 1980 387 2010 raise
403 1980 461 2010 the
476 1991 603 2021 money.

189 2022 456 2064 instrumentum]
505 2023 566 2064 Lg.
591 2025 633 2054 42
657 2023 716 2054 has
744 2024 843 2064 again
869 2024 927 2055 the

146 2066 225 2096 false
241 2066 376 2105 reading
394 2071 402 2083 ‘
415 2067 658 2097 instrumenta?

191 2109 287 2139 Nihil
303 2110 458 2150 detraho]
506 2110 574 2140 The
589 2110 743 2151 ordinary
766 2112 927 2150 punctua-

146 2152 218 2182 tion
246 2153 347 2182 ‘nihil
371 2153 529 2183 detraho:
562 2153 835 2193 magistratibus,’
859 2154 926 2190 &c.,

146 2195 173 2225 15
189 2196 339 2236 properly
356 2196 498 2237 rejected
520 2196 563 2237 by
587 2197 708 2237 Zumpt
718 2209 728 2234 3
744 2197 805 2228 but
827 2197 926 2228 Klotz

145 2238 203 2268 has
220 2239 258 2269 it.

190 2283 412 2312 constituatur
428 2282 457 2323 ?]
495 2282 563 2313 The
580 2293 727 2314 common
748 2283 885 2324 reading
900 2283 927 2314 is

148 2328 157 2341 ‘
170 2325 407 2356 constituitur?
464 2329 485 2342 ‘¹
501 2326 654 2357 Delector
706 2327 925 2367 conjunctivo,

147 2378 241 2407 quem
267 2369 419 2408 praebuit
447 2369 527 2409 Lag.
555 2370 598 2399 42
610 2370 631 2382 '³
658 2369 818 2410 (Zumpt).
864 2370 926 2399 His

147 2411 273 2451 delight
289 2414 378 2442 must
394 2412 475 2442 have
491 2413 573 2442 been
596 2413 755 2452 complete
775 2413 869 2442 when
886 2413 927 2443 he

146 2454 247 2484 found
264 2455 339 2485 that
355 2455 385 2484 V
400 2455 459 2485 has
486 2458 495 2471 ‘
508 2455 730 2485 constituatur
741 2455 750 2468 '
779 2456 925 2495 (Zumpt,

145 2497 342 2538 Appendix).
403 2498 513 2538 ‘Why
548 2498 663 2528 should
699 2498 766 2528 this
795 2499 835 2528 be
865 2499 923 2528 the

147 2540 217 2570 rule
230 2541 243 2570 ἓ
257 2541 266 2554 '
291 2541 346 2571 &c.

147 2593 248 2613 seems
270 2586 306 2614 to
329 2585 368 2614 bc
400 2584 563 2614 doubtful.

146 2625 243 2656 thus:
280 2627 425 2657 ‘Deinde
453 2637 511 2657 cur
537 2649 544 2656 .
571 2650 578 2657 .
606 2649 612 2656 .

146 2671 196 2699 est
212 2679 313 2708 aequa
329 2672 363 2700 et
378 2670 537 2700 ferenda?
580 2670 687 2700 Debet
713 2670 852 2710 populo,’
870 2670 925 2700 &a

147 2712 183 2742 If
203 2712 260 2742 the
284 2723 430 2743 common
450 2713 586 2753 reading
609 2713 636 2743 is
660 2713 762 2753 right,
787 2713 925 2749 ‘debet,'

146 2756 213 2791 &c.,
231 2765 336 2785 comes
352 2756 384 2785 in
400 2767 479 2797 very
491 2756 687 2796 awkwardly
699 2756 784 2786 after
797 2760 806 2773 ‘
818 2756 843 2786 si
854 2756 926 2792 est‚'

146 2798 202 2829 &c-
214 2811 223 2834 3
247 2798 374 2838 though
391 2799 418 2829 it
435 2799 460 2828 is
477 2800 568 2839 quite
591 2799 785 2840 intelligible
801 2799 831 2829 if
842 2799 870 2830 it
885 2800 924 2830 be

145 2841 223 2872 read
249 2841 375 2882 rapidly
407 2852 441 2872 as
471 2853 489 2872 a
520 2843 733 2883 parenthesis.
779 2842 847 2874 The
870 2843 924 2873 old

392 2541 460 2571 The
475 2541 628 2581 pointing
652 2541 689 2571 of
708 2541 774 2571 this
791 2551 924 2581 passage

624 2583 658 2614 It
688 2584 797 2624 might
827 2584 924 2614 stand

639 2627 872 2663 constituatur,
900 2627 926 2657 51

974 1894 1030 1924 det
1044 1894 1052 1907 '
1084 1894 1151 1930 δῖα,
1183 1893 1290 1923 which
1326 1902 1391 1922 was
1421 1892 1504 1922 hard
1541 1894 1577 1922 to
1616 1893 1754 1933 explain.

975 1937 1121 1968 ‘Debet'
1138 1937 1164 1967 is
1179 1937 1263 1967 fron]
1281 1936 1342 1976 Lg.
1359 1936 1401 1966 29
1417 1937 1459 1965 42
1476 1935 1501 1965 F
1517 1935 1558 1965 V.

1009 1982 1088 2022 jam
1117 1979 1289 2020 refertius]
1338 1981 1433 2009 ‘tum
1455 1978 1629 2009 refertius'
1654 1978 1754 2009 Klotz

972 2024 1055 2054 from
1073 2024 1103 2054 V
1118 2037 1124 2054 :
1148 2024 1209 2054 but
1225 2033 1272 2053 we
1288 2033 1360 2053 now
1376 2022 1466 2052 learn
1482 2022 1558 2052 that
1582 2022 1640 2052 the
1665 2022 1755 2052 word

971 2067 998 2097 is
1022 2069 1081 2098 not
1103 2067 1222 2107 legible
1249 2066 1283 2096 in
1306 2065 1347 2095 V.
1394 2065 1549 2095 Between
1565 2065 1673 2105 ‘jam'
1690 2065 1754 2095 and

973 2114 983 2127 ‘
995 2110 1090 2146 tum‚'
1114 2110 1312 2146 ill-written,
1339 2108 1397 2139 the
1420 2108 1593 2139 difference
1608 2108 1635 2138 is
1650 2108 1753 2138 small.

973 2153 990 2184 1
1007 2154 1115 2194 prefer
1132 2152 1240 2193 ‘jaim’

1015 2197 1063 2227 At
1079 2197 1162 2226 enim
1177 2195 1405 2226 istam—hane
1420 2193 1504 2234 rem]
1553 2194 1569 2224 I
1586 2204 1667 2234 copy
1691 2193 1753 2224 Ga-

971 2240 1107 2270 ratoni’s
1123 2242 1210 2275 note,
1228 2238 1349 2278 quoted
1371 2238 1414 2277 by
1442 2237 1573 2277 Zumpt,
1595 2239 1654 2267 not
1676 2237 1753 2268 that

971 2283 1037 2314 this
1054 2293 1186 2323 passage
1202 2283 1259 2312 has
1275 2291 1339 2321 any
1355 2280 1526 2321 difficulty,
1543 2280 1604 2310 but
1616 2282 1651 2310 to
1663 2280 1752 2310 show

970 2327 1047 2356 that
1059 2336 1078 2355 a
1089 2325 1173 2366 good
1190 2324 1310 2355 Italian
1326 2323 1451 2353 scholar
1463 2323 1490 2353 is
1501 2323 1583 2363 fully
1600 2333 1705 2354 aware
1721 2324 1758 2354 of

972 2369 1030 2400 the
1052 2368 1206 2407 meaning
1232 2367 1269 2397 of
1300 2366 1382 2396 ‘iste
1394 2366 1413 2396 :'
1448 2370 1576 2406 “quam
1599 2369 1638 2397 tu
1661 2367 1753 2404 dicis,

972 2411 1088 2442 deinde
1103 2412 1188 2441 lzam·
1202 2420 1280 2446 rem,
1297 2420 1394 2449 quam
1416 2419 1475 2449 ego
1491 2410 1586 2440 feei.’'
1631 2410 1660 2439 A
1676 2412 1753 2440 note

972 2455 1010 2485 of
1032 2465 1051 2484 a
1078 2453 1318 2494 distinguished
1345 2453 1471 2483 scholar
1501 2452 1551 2493 (F.
1582 2453 1621 2483 A.
1654 2453 1752 2490 Wolf,

970 2497 1197 2528 Demosthenis
1234 2496 1339 2527 oratio
1376 2496 1529 2526 adversus
1567 2496 1751 2536 Leptinem,

969 2551 1001 2580 p.
1033 2540 1110 2579 222)
1134 2551 1209 2580 may
1232 2542 1291 2570 not
1314 2539 1354 2570 be
1378 2542 1436 2570 out
1466 2539 1503 2569 of
1529 2539 1619 2579 place
1651 2539 1750 2570 here:

971 2587 992 2600 “
1002 2584 1157 2613 nimirum
1174 2583 1207 2613 in
1225 2583 1357 2613 Graccis
1373 2582 1557 2612 oratoribus
1572 2593 1750 2622 pronomen

971 2625 1063 2657 οὗτος
1086 2628 1232 2657 notat'et
1242 2626 1387 2666 judicem
1415 2628 1449 2656 et
1476 2625 1627 2656 clientem
1645 2628 1679 2655 ct
1695 2625 1750 2655 ad-

970 2670 1160 2706 versarium,
1186 2680 1287 2709 quum
1315 2669 1433 2699 Latine
1459 2668 1520 2698 iste
1550 2669 1681 2699 dicatur
1711 2668 1751 2698 de

970 2713 1165 2749 adversario,
1182 2713 1233 2743 Me
1249 2712 1288 2742 de
1310 2712 1428 2742 cliente
1453 2714 1486 2742 et
1505 2711 1627 2751 judice.
1675 2711 1749 2741 Vid.

971 2757 1086 2786 Aesch.
1103 2759 1137 2787 et
1155 2755 1322 2786 Demosth.
1351 2754 1424 2785 Orr.
1442 2755 1490 2785 De
1507 2754 1642 2791 Corona,
1660 2753 1749 2785 Cice-

970 2810 1039 2830 ron.
1056 2810 1115 2839 pro
1132 2799 1226 2830 Rosc.
1252 2800 1361 2829 Amer.
1378 2800 1412 2828 et
1428 2798 1505 2828 alibi
1529 2798 1647 2838 passim
1660 2797 1691 2827 :⁹³
1715 2807 1750 2827 as

968 2843 1003 2873 in
1019 2843 1110 2873 these
1127 2843 1264 2873 Verrine
1281 2841 1424 2873 orations
1440 2841 1490 2871 for
1505 2841 1663 2871 instance.
