1849 3167
110 158 163 199 64
695 159 764 202 IN
795 159 840 201 C.
874 159 1126 202 VERREM

108 271 302 313 Romano
323 273 395 314 sed
425 272 553 314 etiam
583 272 663 314 sibi
693 273 782 329 ipse
812 274 1111 316 condemnatus
1139 274 1364 316 videretur.
1425 276 1534 318 Ecce
1565 281 1706 318 autem

110 342 283 392 repente
315 338 382 379 his
418 339 563 380 diebus
600 340 744 394 paucis
775 340 955 381 comitiis
985 340 1271 381 consularibus
1301 340 1423 383 factis
1459 343 1603 383 eadem
1634 343 1708 384 illa

111 408 255 445 vetera
276 404 449 445 consilia
470 405 648 459 pecunia
669 405 826 461 majore
848 410 1109 460 repetuntur,
1125 405 1375 460 eaedemque
1396 413 1558 448 vestrae
1572 408 1708 448 famae

106 468 370 525 fortunisque
412 470 601 511 omnium
640 470 817 512 insidiae
856 485 930 524 per
966 470 1132 510 eosdem
1166 470 1356 512 homines
1396 478 1705 527 comparantur.

109 533 226 580 Quae
266 550 331 576 res
370 535 518 590 primo,
556 535 731 591 judices,
774 535 969 590 pertenui
1008 535 1128 576 nobis
1168 541 1420 590 argumento
1467 537 1707 592 indicioque

106 600 317 655 patefacta
352 606 441 651 est3
483 607 576 656 post
611 607 755 656 aperto
795 600 1042 655 suspicionis
1075 600 1254 642 introitu
1286 602 1340 642 ad
1374 602 1515 643 omnia
1554 602 1707 644 intima

103 666 283 707 istorum
304 667 479 708 consilia
499 667 588 708 sine
609 667 696 708 ullo
717 682 856 707 errore
876 666 1160 720 pervenimus.

163 731 268 773 VII.
301 732 414 773 Nam
444 737 491 772 ut
522 732 775 773 Hortensius
806 732 951 773 consul
971 732 1217 787 designatus
1238 732 1409 773 domum
1429 733 1712 779 reducebatur,

106 813 128 838 e
149 813 296 852 campo
318 813 413 838 cum
435 798 620 847 maxima
642 797 880 852 frequentia
902 813 949 838 ac
970 797 1257 848 multitudine,
1281 798 1329 839 fit
1360 798 1528 840 obviam
1549 814 1647 840 casu
1668 799 1707 840 ei

105 863 372 904 multitudini
394 862 439 903 C.
464 862 603 911 Curio,
627 878 752 917 quem
774 878 852 918 ego
873 863 1088 904 hominem
1108 863 1279 904 honoris
1300 863 1438 918 potius
1459 879 1586 919 quam
1607 880 1704 906 con-

103 928 301 969 tumeliae
334 944 457 969 causa
489 928 754 969 nominatum
790 928 897 969 volo.
959 928 1131 969 Etenim
1168 944 1216 969 ea
1248 929 1387 969 dicam
1420 944 1527 984 quae
1562 930 1635 971 ille
1670 930 1706 971 si

104 993 421 1034 commemorari
441 993 654 1043 noluisset,
677 1009 762 1035 non
783 998 902 1035 tanto
924 994 969 1035 in
986 999 1197 1035 conventu
1217 999 1305 1035 tam
1317 1000 1460 1049 aperte
1481 994 1705 1050 palamque

102 1058 303 1108 dixisset;
338 1074 444 1113 quae
470 1065 612 1100 tamen
643 1074 667 1100 a
696 1075 763 1100 me
793 1059 1098 1114 pedetemptim
1129 1064 1331 1114 cauteque
1361 1059 1555 1100 dicentur
1585 1066 1633 1101 ut
1663 1066 1705 1102 et

102 1124 313 1165 amicitiae
333 1129 500 1166 nostrae
531 1130 572 1165 et
593 1125 816 1180 dignitatis
847 1125 961 1166 illius
992 1125 1138 1166 habita
1167 1125 1275 1166 ratio
1305 1140 1392 1166 esse
1423 1125 1702 1180 intelligatur.

102 1189 233 1230 Videt
265 1191 319 1231 ad
348 1190 487 1245 ipsum
517 1190 720 1231 fornicem
751 1190 990 1232 Fabianum
1020 1191 1066 1231 in
1095 1191 1220 1231 turba
1250 1190 1439 1231 Verrem.
1501 1190 1705 1246 Appellat

52 1259 54 1261 ’
101 1255 317 1296 hominem
333 1261 374 1296 et
395 1256 434 1296 ei
449 1270 549 1297 voce
570 1255 756 1296 maxima
776 1255 1039 1312 [victoriam]
1061 1256 1313 1311 gratulatur.
1370 1255 1461 1311 Ipsi
1474 1256 1704 1298 Hortensio

101 1321 176 1376 qui
216 1321 360 1362 consul
399 1325 489 1362 erat
529 1321 677 1371 factus,
711 1321 960 1377 propinquis
999 1321 1326 1376 necessariisque
1367 1321 1456 1376 ejus
1497 1322 1571 1377 qui
1611 1327 1704 1363 tum

102 1386 290 1436 aderant,
305 1387 481 1428 verbum
496 1386 664 1427 nullum
684 1386 785 1427 facit
803 1402 812 1437 ;
845 1402 940 1428 cum
960 1387 1040 1428 hoc
1060 1387 1263 1437 consistit,
1287 1386 1400 1427 hunc
1421 1383 1700 1442 amplexatur,

101 1451 214 1492 hunc
250 1452 372 1507 jubet
412 1452 501 1493 sine
542 1468 642 1493 cura
675 1468 773 1494 esse.
836 1452 1065 1502 Renuntio,
1100 1452 1254 1508 inquit,
1290 1452 1371 1493 tibi
1411 1457 1453 1493 te
1488 1453 1703 1494 hodiernis

101 1518 281 1558 comitiis
303 1533 389 1558 esse
410 1517 660 1558 absolutum.
723 1518 845 1564 Quod
866 1534 997 1573 quum
1017 1523 1105 1559 tam
1135 1517 1261 1558 multi
1281 1517 1472 1559 homines
1494 1518 1700 1559 honestis-

101 1583 198 1623 simi
219 1583 446 1633 audissent,
470 1583 615 1624 statim
636 1584 690 1624 ad
717 1599 784 1624 me
805 1584 992 1625 defertur
1007 1599 1016 1634 ;
1048 1584 1177 1624 immo
1207 1598 1318 1633 vero,
1350 1588 1398 1624 ut
1428 1583 1605 1638 quisque
1634 1599 1702 1625 me

100 1648 277 1698 viderat,
301 1649 513 1690 narrabat.
574 1649 687 1690 Aliis
709 1649 817 1690 illud
837 1649 1078 1705 indignum,
1102 1649 1195 1690 aliis
1210 1648 1437 1690 ridiculum
1452 1648 1676 1690 videbatur
1689 1665 1700 1700 ;

101 1713 327 1755 ridiculum
348 1714 399 1755 iis
421 1714 495 1769 qui
515 1714 636 1755 istius
658 1730 825 1755 causam
845 1715 891 1755 in
911 1715 1084 1756 testium
1099 1714 1193 1764 fide,
1211 1714 1256 1754 in
1277 1714 1504 1755 criminum
1523 1714 1699 1764 ratione,

100 1779 146 1819 in
163 1779 356 1834 judicum
376 1784 596 1834 potestate,
619 1795 704 1821 non
726 1780 771 1821 in
799 1780 981 1822 comitiis
1011 1780 1299 1822 consularibus
1320 1780 1501 1835 positam
1521 1780 1699 1822 arbitra-

100 1844 280 1896 bantur;
311 1845 540 1900 indignum
570 1846 621 1887 iis
651 1846 725 1901 qui
755 1846 881 1888 altius
910 1846 1219 1902 perspiciebant
1246 1850 1288 1886 et
1313 1845 1424 1886 hanc
1454 1845 1700 1901 gratulatio-

100 1925 199 1951 nem
229 1911 283 1951 ad
311 1910 520 1966 judicium
551 1913 906 1967 corrumpendum
940 1917 1127 1967 spectare
1157 1911 1370 1953 videbant.
1432 1909 1606 1952 Etenim
1641 1910 1700 1952 sic

921 2010 1006 2041 tions
1028 2010 1096 2040 him
1118 2010 1153 2040 in
1175 2010 1232 2040 the
1255 2010 1388 2046 Brutus,
1413 2019 1440 2039 0.
1462 2009 1512 2040 59.
1560 2009 1698 2050 (Meyer,

101 2010 136 2039 to
158 2009 197 2039 be
213 2009 288 2039 that
312 2009 377 2039 ‘sic
390 2009 398 2022 '
422 2009 448 2039 is
470 2020 512 2040 an
535 2010 707 2049 emphatic,
724 2020 769 2046 or,
786 2021 820 2040 so
842 2012 877 2041 to

923 2054 1111 2094 Fragment.
1142 2053 1234 2083 Orat.
1262 2053 1355 2083 Rom.
1382 2063 1413 2092 p.
1440 2052 1514 2089 347,
1542 2053 1608 2083 2nd
1634 2053 1698 2093 ed.)

100 2052 208 2092 speak,
240 2063 258 2082 a
288 2053 540 2083 demonstrative
575 2053 705 2089 adverb,
736 2054 877 2084 whereas

102 2099 110 2111 ‘
122 2095 190 2131 ita,'
207 2096 425 2136 conformably
441 2099 476 2126 to
492 2097 534 2126 its
552 2097 714 2137 meaning,
731 2097 757 2126 is
773 2097 877 2127 either

100 2138 161 2168 less
184 2139 356 2178 emphatic,
381 2150 416 2169 or
446 2139 602 2170 indicates
632 2140 688 2170 the
719 2140 812 2170 mode
842 2150 878 2170 or

101 2191 236 2211 manner
256 2182 293 2211 of
314 2182 419 2212 which
445 2183 526 2219 ‘ut,’
551 2183 615 2212 and
636 2183 723 2213 what
746 2183 877 2219 follows,

101 2224 128 2254 is
158 2225 214 2254 the
244 2225 440 2264 exposition3
471 2236 504 2255 as
534 2236 581 2256 we
611 2226 742 2256 observe
772 2226 878 2256 where

102 2271 111 2284 ‘
124 2267 176 2297 id'
199 2267 225 2297 is
248 2268 335 2304 used,
359 2268 505 2298 followed
527 2268 570 2309 by
594 2269 675 2304 ‘ut,'
692 2280 725 2299 as
748 2269 781 2299 in
802 2280 828 2299 c.
845 2270 876 2305 6,

103 2314 112 2327 ‘
124 2321 188 2340 non
214 2311 246 2340 id
277 2311 346 2350 agit
371 2313 408 2341 ut
426 2334 432 2341 .
451 2334 458 2341 .
476 2334 482 2341 .
499 2312 660 2351 opponat.'
707 2311 876 2348 However,

101 2354 228 2394 though
251 2354 308 2384 the
331 2354 519 2384 distinction
535 2355 681 2384 between
704 2355 790 2385 ‘sic'
814 2355 878 2385 and

102 2397 189 2427 ‘ita'
220 2397 246 2427 is
276 2397 360 2427 clear
384 2398 522 2437 enough,
548 2397 683 2437 perhaps
713 2398 740 2428 it
764 2398 790 2427 is
820 2400 878 2428 not

101 2440 219 2481 always
249 2440 377 2480 strictly
407 2440 569 2471 observed.
628 2441 657 2470 A
687 2451 818 2481 passage
844 2441 878 2471 in

102 2484 213 2514 Cicero
242 2483 306 2523 (Ad
333 2483 370 2520 Q.
399 2483 452 2513 Fr.
479 2484 499 2513 i.
526 2485 555 2513 1.
583 2482 627 2524 1),
654 2484 739 2523 “qui
757 2507 764 2513 .
781 2507 788 2514 .
807 2507 814 2514 .
830 2484 878 2514 ita

100 2527 312 2567 negotiantur
323 2529 361 2556 ut
376 2527 549 2566 locupletes
561 2527 660 2563 sintss’
673 2527 737 2556 will
749 2527 875 2566 explain

101 2571 189 2600 what
206 2571 231 2600 is
247 2570 322 2600 here
335 2570 402 2599 said
417 2581 450 2600 as
466 2572 501 2600 to
518 2574 526 2586 ‘
539 2570 606 2600 ita?
653 2573 662 2586 ‘
673 2570 724 2599 Sic
735 2570 743 2582 ³
760 2570 793 2600 in
810 2570 875 2600 this

99 2624 231 2653 passage
254 2613 360 2643 would
382 2613 496 2653 hardly
512 2613 562 2643 do.
609 2613 648 2643 In
672 2623 698 2643 c.
720 2614 740 2643 8
755 2613 792 2643 of
809 2613 875 2643 this

100 2657 213 2696 speech
230 2667 276 2686 we
297 2657 378 2686 have
400 2657 466 2686 ‘ita
487 2656 679 2696 loquebatur
689 2656 709 2692 ;'
733 2656 796 2686 and
818 2659 874 2696 yet

100 2710 147 2729 we
168 2700 249 2729 have
271 2700 354 2730 ‘sic’
376 2700 409 2729 in
432 2710 451 2730 a
471 2699 534 2729 like
553 2710 641 2729 sense
662 2699 695 2729 in
716 2700 772 2729 the
795 2702 873 2730 next

101 2743 244 2782 chapter,
263 2747 271 2759 ‘
284 2743 327 2773 sic
344 2742 642 2778 ratiocinabantur,³
660 2753 686 2772 0.
702 2742 732 2774 7.

143 2786 193 2815 lais
218 2787 336 2825 paucis
367 2786 492 2827 diebus]
554 2785 690 2816 ‘within
724 2785 781 2816 the
811 2785 873 2816 last

100 2828 161 2858 few
177 2829 276 2869 days?
322 2829 379 2859 See
397 2840 422 2859 c.
440 2832 469 2866 8,
487 2829 550 2859 and
568 2829 692 2859 Introd.
709 2840 739 2868 p.
757 2830 785 2859 5.

143 2871 173 2903 7.
202 2873 234 2901 O.
256 2872 379 2913 Curio]
427 2872 462 2903 C.
480 2872 663 2903 Scribonius
679 2872 786 2909 Curio,
800 2882 872 2902 con-

98 2915 146 2947 sul
175 2924 239 2946 ac.
262 2915 314 2951 76,
339 2916 401 2946 and
424 2927 465 2946 an
488 2918 606 2947 orator.
652 2915 763 2946 Cicero
786 2926 872 2946 men-

923 2097 974 2127 He
998 2108 1062 2127 was
1085 2097 1141 2127 the
1164 2097 1272 2127 father
1295 2096 1331 2126 of
1349 2096 1405 2126 the
1430 2095 1527 2126 Curio
1550 2096 1622 2126 who
1644 2106 1698 2136 pe-

921 2140 1030 2170 rished
1045 2140 1078 2170 in
1094 2140 1204 2170 Africa
1220 2148 1284 2170 Rc.
1301 2140 1352 2170 49.

965 2183 1096 2213 honoris
1114 2206 1120 2213 .
1135 2206 1141 2213 .
1156 2206 1163 2213 .
1179 2182 1296 2223 eausa]
1324 2186 1332 2199 ‘
1344 2183 1401 2212 out
1418 2181 1454 2212 of
1464 2182 1611 2222 respect,'
1629 2186 1638 2199 ‘
1648 2193 1697 2213 re-

922 2226 1115 2266 spectfiilly,’
1142 2237 1161 2256 a
1186 2236 1331 2256 common
1355 2225 1503 2255 formula.
1549 2225 1607 2255 See
1623 2226 1697 2256 Act.

921 2269 953 2298 ii.
975 2269 1046 2298 Lib.
1068 2270 1097 2300 5.
1119 2280 1145 2299 0.
1165 2268 1205 2305 7;
1230 2269 1312 2298 Phil.
1333 2268 1365 2297 ii.
1387 2278 1413 2298 0.
1431 2270 1490 2304 445
1515 2267 1641 2305 Caesar,
1659 2269 1697 2299 B.

922 2312 960 2342 G.
977 2312 1009 2342 ii.
1028 2313 1077 2342 15.
1124 2320 1283 2342 nonoms
1300 2319 1544 2347 VIRTVTISQVE
1566 2320 1697 2342 CAVSSA

921 2365 1033 2385 occurs
1048 2355 1082 2385 in
1097 2355 1312 2394 inscriptions.

966 2398 1010 2427 ad
1021 2421 1028 2428 .
1040 2421 1047 2428 .
1060 2396 1436 2438 ‚fornic-ernFaba'anmn]
1450 2397 1539 2427 Near
1550 2397 1606 2428 the
1619 2398 1697 2428 arch

922 2441 959 2471 of
976 2441 1104 2477 Fabius,
1128 2441 1233 2471 which
1256 2441 1348 2471 stood
1374 2441 1407 2470 in
1433 2441 1490 2470 the
1513 2440 1575 2470 Via
1599 2441 1697 2472 Sacra

923 2483 1039 2524 (comp.
1064 2484 1126 2514 Pro
1149 2484 1290 2520 Plancio,
1314 2494 1340 2513 c.
1364 2483 1383 2515 7
1397 2496 1405 2519 ;
1430 2484 1478 2514 De
1499 2483 1554 2513 Or.
1578 2484 1610 2514 ii.
1627 2484 1694 2524 66),

919 2528 983 2557 and
995 2538 1058 2557 was
1074 2527 1202 2558 erected
1217 2527 1259 2567 by
1273 2527 1310 2564 Q.
1324 2527 1441 2557 Fabius
1454 2527 1625 2563 Maximus,
1638 2527 1695 2558 the

920 2581 1039 2607 censor,
1057 2571 1127 2600 who
1144 2570 1323 2610 conquered
1338 2570 1394 2600 the
1410 2570 1607 2610 Allobroges..
1635 2570 1694 2600 Fa-

918 2614 989 2643 bius
1008 2624 1071 2644 was
1095 2614 1203 2643 consul
1227 2622 1291 2644 EC.
1309 2615 1380 2650 121,
1398 2613 1462 2644 and
1485 2624 1604 2650 censor,
1629 2622 1693 2644 B.c.

920 2658 992 2687 108.

960 2699 1147 2740 victoriam]

919 2746 927 2759 ‘
939 2743 1129 2773 victoriam.'

960 2787 1054 2816 immo
1071 2785 1173 2827 verm]
1221 2786 1279 2817 See
1305 2787 1379 2817 Act.
1402 2786 1434 2816 ii.
1462 2785 1533 2815 Lib.
1558 2786 1587 2816 1.
1612 2795 1638 2815 0.
1662 2785 1692 2822 1,

916 2831 1003 2859 note.

959 2871 1137 2913 videbant]
1186 2872 1235 2903 G3
1252 2885 1286 2908 5;
1317 2870 1601 2902 ‘arbitrabantur’
1627 2870 1692 2901 dtt.

918 2915 1052 2956 Madvig
1068 2926 1182 2956 argues
1198 2916 1272 2946 that
1284 2915 1395 2947 Cicero
1406 2915 1512 2946 would
1526 2916 1584 2945 not
1596 2913 1691 2954 apply

1209 2700 1328 2740 Zumpt
1358 2700 1422 2730 and
1457 2699 1576 2729 Iordan
1613 2698 1694 2729 omit
