1849 3167
108 137 194 180 276
695 139 765 183 IN
796 139 841 182 O.
875 139 1133 183 VERREM

105 252 266 293 dudum
296 251 411 294 enim
439 252 548 295 mihi
577 253 759 295 nimium
788 254 974 295 tenuiter
1004 254 1242 295 Siculorum
1273 270 1374 310 erga
1404 260 1445 298 te
1475 255 1707 298 voluntatis

105 323 360 373 argumenta
380 318 579 374 colligere
600 320 759 369 videor,
773 325 918 360 utrum
940 324 1099 360 statuas
1120 319 1332 361 voluerint
1352 320 1431 361 tibi
1452 326 1635 362 statuere
1653 335 1707 361 an

105 383 239 424 coacti
261 383 358 424 sint.
410 383 475 424 De
497 400 579 439 quo
601 385 772 425 homine
793 384 987 425 auditum
1008 390 1070 425 est
1091 400 1291 439 unquam,
1307 386 1419 440 quod
1441 386 1518 427 tibi
1539 386 1704 434 accidit,

104 453 152 489 ut
174 448 263 504 ejus
284 449 330 489 111
351 449 570 503 provincia
591 454 755 490 statuae
786 449 831 489 in
862 449 964 490 locis
994 450 1175 504 publicis
1204 450 1377 504 positae,
1400 451 1556 505 partim
1578 451 1707 491 etiam

103 512 150 553 in
179 513 351 554 aedibus
379 513 519 563 sacris,
542 529 617 568 per
646 513 735 554 vim
766 518 807 553 et
837 528 913 568 per
942 514 1184 555 universam
1213 515 1532 556 multitudinem
1553 516 1705 570 dejice-

102 579 287 620 rentur?
358 579 438 619 Tot
477 579 669 619 homines
712 578 758 618 in
792 577 898 619 Asia
937 586 1148 629 nocentes,
1185 584 1249 620 tot
1287 579 1334 620 in
1365 580 1524 630 Africa,
1562 586 1625 621 tot
1660 580 1707 620 in

102 642 327 698 Hispania,
362 644 514 693 Gallia,
548 642 757 692 Sardinia,
791 647 853 684 tot
883 643 930 684 in
960 644 1051 699 ipsa
1081 644 1226 686 Sicilia
1255 645 1451 687 fuerunt:
1493 661 1624 701 ecquo
1654 646 1706 685 de
1740 688 1743 691 .

101 707 274 749 homine
306 709 385 750 1100
418 724 607 763 unquam
642 709 899 750 audivistis?
957 709 1129 751 Novum
1157 716 1231 761 est,
1250 710 1438 766 judices3
1474 711 1520 751 in
1553 710 1706 752 Siculis

102 774 274 828 quidem
295 778 336 814 et
356 773 402 814 in
423 774 619 815 omnibus
641 774 816 815 Graecis
843 776 1023 816 monstri
1051 775 1200 817 simile.
1262 776 1362 818 Non
1387 777 1599 817 crederem
1626 776 1705 817 1100

101 839 153 879 (10
174 838 324 879 statuis
344 838 428 879 nisi
452 838 644 893 jacentes
673 839 944 895 revulsasque
965 839 1178 890 vidissem,
1200 846 1423 895 propterea
1450 842 1563 896 quod
1593 842 1706 896 apud

99 918 244 944 omnes
280 903 463 945 Graecos
498 904 568 945 hic
600 920 691 946 mos
723 910 798 955 est,
832 910 880 946 ut
915 905 1120 947 honorem
1154 906 1397 947 hominibus
1428 906 1623 947 habitum
1660 907 1705 947 in

97 969 384 1010 monumentis
417 969 624 1026 ejusmodi
656 971 864 1012 nonnulla
890 971 1098 1026 religione
1125 972 1300 1012 deorum
1330 972 1565 1013 consecrari
1595 972 1704 1013 arbi-

97 1038 278 1075 trentur.
341 1034 495 1090 Itaque
516 1035 691 1085 Rhodii,
714 1036 788 1091 qui
808 1051 940 1091 prope
960 1036 1039 1077 soli
1068 1036 1229 1078 bellum
1258 1036 1367 1078 illud
1397 1037 1588 1091 superius
1608 1052 1704 1078 cum

96 1097 352 1141 Mithridate
393 1115 494 1155 rege
528 1107 761 1155 gesserunt,
797 1116 1025 1156 omnesque
1060 1102 1150 1157 ejus
1189 1101 1329 1157 copias
1369 1102 1704 1157 acerrimumque

96 1163 306 1218 impetum
326 1165 558 1214 moenibus,
582 1165 812 1216 littoribus,
836 1166 1121 1222 classibusque
1146 1167 1231 1208 suis
1252 1172 1522 1222 exceperunt,
1544 1172 1702 1217 tamen,

97 1243 231 1283 quum
251 1229 290 1270 ei
310 1230 403 1285 regi
423 1230 588 1272 inimici
612 1236 780 1286 praeter
801 1237 961 1273 ceteros
982 1238 1133 1283 essent,
1156 1238 1341 1275 statuam
1361 1234 1462 1289 ejus,
1485 1249 1593 1289 quae
1613 1239 1704 1275 erat

98 1295 213 1348 apud
239 1294 350 1349 ipsos
378 1295 424 1336 in
445 1296 716 1338 celeberrimo
737 1297 854 1338 urbis
880 1298 984 1348 loco,
1007 1314 1061 1339 ne
1082 1304 1174 1339 tum
1195 1299 1367 1354 quidem
1387 1299 1433 1340 in
1453 1299 1556 1354 ipsis
1585 1299 1703 1340 urbis

94 1359 294 1413 periculis
334 1360 585 1416 attigerunt.
646 1361 711 1402 Ac
746 1362 925 1403 forsitan
956 1363 1032 1405 vix
1065 1364 1290 1405 convenire
1323 1365 1540 1405 videretur
1575 1380 1703 1419 quem

95 1424 236 1478 ipsum
271 1425 488 1467 hominem
521 1432 723 1481 cuperent
756 1432 957 1478 evertere,
992 1428 1082 1484 ejus
1123 1429 1306 1484 effigiem
1346 1429 1702 1484 simulacrumque

96 1504 287 1530 servare:
326 1491 398 1531 sed
426 1496 569 1532 tamen
597 1491 794 1533 videbam
826 1493 938 1548 apud
966 1508 1033 1534 eos
1061 1509 1193 1548 quum
1220 1509 1352 1535 essem
1379 1499 1421 1535 et
1450 1494 1702 1549 religionem

95 1569 184 1595 0880
211 1555 426 1609 quandam
446 1556 493 1596 111
519 1556 587 1598 1118
611 1557 736 1598 rebus
764 1573 788 1598 a
816 1558 1046 1613 majoribus
1067 1559 1283 1609 traditam,
1307 1564 1349 1600 et
1375 1559 1455 1600 hoc
1477 1560 1699 1615 disputari,

94 1634 191 1661 cum
226 1626 366 1662 statua
402 1637 445 1663 se
475 1622 566 1677 ejus
595 1623 791 1665 habuisse
822 1625 1025 1679 temporis
1055 1625 1265 1666 rationem
1295 1640 1379 1680 quo
1409 1625 1546 1680 posita
1576 1632 1698 1677 esset,

94 1700 191 1725 cum
211 1685 383 1727 homine
403 1702 504 1728 vero
525 1703 608 1742 quo
631 1693 798 1742 gereret
818 1689 978 1730 bellum
1000 1695 1127 1745 atque
1148 1689 1281 1731 hostis
1302 1695 1421 1731 esset.

151 1750 315 1792 LXVI.
348 1751 517 1794 Videtis
547 1752 683 1808 igitur
710 1754 1059 1796 consuetudinem
1086 1755 1421 1811 religionemque
1443 1755 1702 1798 Graecorum

93 1830 201 1870 quae
216 1822 493 1858 monumenta
513 1817 702 1859 hostium
723 1818 769 1859 111
789 1819 901 1861 bello
917 1819 1008 1875 ipso
1023 1820 1154 1861 soleat
1167 1820 1404 1870 defendere,
1423 1836 1516 1862 eam
1536 1836 1701 1863 summa

91 1880 139 1921 in
158 1895 261 1935 pace
281 1882 488 1936 praetoris
508 1883 656 1938 populi
677 1884 863 1925 Romani
884 1885 1033 1926 statuis
1053 1885 1262 1941 praesidio
1282 1901 1369 1927 non
1388 1885 1528 1927 fuisse.
1589 1886 1698 1927 Tau-

92 1946 361 1997 romenitani,
385 1962 567 2003 quorum
596 1953 660 1990 est
690 1949 841 1991 civitas
862 1949 1088 2000 foederata,
1114 1950 1308 1992 homines
1337 1951 1602 2006 quietissimi,
1626 1951 1701 2007 qui

919 2057 1011 2087 codd.
1027 2057 1109 2088 have
1126 2060 1135 2074 ‘
1148 2057 1355 2097 exceperint?
1408 2061 1417 2074 ‘
1429 2057 1637 2098 Exceperunt
1647 2058 1656 2071 '
1672 2057 1700 2088 is

919 2100 1066 2140 Zumpt’s
1082 2101 1273 2131 correction.

962 2143 1054 2184 vero]
1096 2144 1183 2184 ‘ejus
1195 2144 1204 2157 '
1240 2144 1302 2184 Lg.
1338 2145 1390 2181 42,
1422 2144 1561 2174 Iordan:
1594 2144 1696 2175 ‘non’

920 2186 1065 2226 plerique
1082 2187 1173 2217 codd.
1191 2190 1200 2203 ‘
1212 2187 1310 2222 ver0,’
1326 2187 1390 2223 alii,
1408 2186 1464 2217 Or.

962 2230 1014 2259 66.
1038 2230 1156 2259 civitas
1161 2229 1373 2270 foederata,]
1398 2231 1427 2259 A
1445 2233 1454 2246 ‘
1466 2229 1580 2260 civitas
1592 2230 1697 2261 foede-

137 2052 189 2082 De
205 2063 266 2092 quo
282 2053 424 2095 homine]

93 2094 155 2135 Lg.
172 2097 213 2125 42
229 2107 260 2135 p.
276 2107 330 2133 m.,
348 2097 458 2128 Klotz.

136 2139 275 2169 monstri
290 2140 423 2181 simila]
458 2144 467 2157 ‘
478 2141 586 2171 Patris
602 2141 737 2178 similis,'
753 2142 827 2172 Lib.
844 2143 874 2172 3.

93 2191 121 2211 c.
137 2181 179 2211 68
189 2193 198 2217 ;
223 2185 231 2198 ‘
242 2182 291 2211 sui
307 2183 447 2220 simile&
460 2184 532 2214 Lib.
545 2186 575 2215 3.
593 2195 620 2215 0.
636 2186 657 2216 9
666 2197 676 2222 3
700 2185 765 2215 and
780 2185 874 2216 there

94 2234 148 2253 are
165 2224 260 2254 other
275 2226 445 2265 examples.

472 2055 541 2085 ‘De
562 2065 625 2095 quo
645 2055 706 2086 hoc
721 2055 852 2087 homine
863 2055 873 2069 ’

138 2267 261 2297 Rhodii
278 2291 285 2297 .
303 2290 310 2297 .
329 2291 335 2298 .
351 2269 518 2310 superius]
567 2269 679 2301 Cicero
695 2271 817 2301 alludes
837 2272 873 2301 to

93 2309 151 2339 the
167 2320 234 2339 war
250 2310 398 2341 deelared
422 2313 550 2352 against
567 2313 789 2349 Mithridates,
807 2322 872 2344 B.C.

94 2353 146 2383 88.
194 2353 233 2382 In
257 2353 323 2383 this
346 2364 424 2393 year
447 2355 504 2385 the
528 2355 647 2386 Rhodii
670 2357 803 2397 bravely
819 2357 872 2387 de-

93 2395 211 2425 fended
223 2396 416 2427 themselves
427 2398 556 2436 against
569 2399 781 2430 Mithridates
794 2399 872 2439 (Ap-

94 2438 181 2478 pian,
207 2439 358 2469 Mithrid.
387 2450 413 2469 c.
437 2440 504 2479 24¹).
551 2442 591 2471 In
618 2450 683 2472 B.C.
711 2442 751 2474 87
784 2442 874 2472 Sulla

93 2491 158 2511 was
174 2483 247 2512 sent
262 2482 332 2512 into
343 2482 463 2513 Greece
476 2485 510 2513 to
522 2494 637 2524 oppose
653 2485 710 2515 the
725 2485 873 2525 generals

93 2524 130 2554 of
142 2524 364 2561 Mithridates,
375 2526 439 2555 and
454 2526 489 2556 in
504 2535 568 2557 B.C.
585 2529 628 2558 84
643 2528 683 2558 he
699 2530 786 2558 went
802 2528 872 2558 into

93 2567 171 2597 Asia
186 2568 250 2598 and
265 2568 409 2608 brought
425 2569 482 2599 the
498 2569 579 2610 king
594 2572 629 2600 to
644 2572 757 2600 terms.
795 2570 872 2600 This

94 2620 158 2640 was
174 2611 231 2641 the
248 2614 257 2627 ‘
268 2611 389 2641 bellum
405 2612 572 2651 superius?
618 2613 659 2642 In
674 2621 740 2643 Rc.
756 2613 799 2645 74
814 2613 871 2644 the

93 2663 161 2682 war
179 2653 284 2693 began
300 2654 407 2693 again,
424 2655 488 2684 and
504 2655 542 2685 L.
559 2655 714 2686 Lucullus
730 2656 794 2686 had
812 2656 869 2686 the

94 2697 265 2726 command
291 2697 419 2737 against
443 2697 665 2729 Mithridates.
711 2699 778 2729 The
803 2709 870 2729 war

94 2748 159 2767 was
182 2739 248 2768 still
272 2741 372 2780 going
394 2751 435 2770 011
459 2743 494 2771 at
517 2741 574 2772 the
590 2742 670 2772 time
686 2742 723 2772 of
742 2742 869 2773 Verres'

93 2781 170 2811 trial
189 2781 266 2821 (11.0.
283 2784 350 2823 70).

132 2828 303 2863 gesserunt
320 2849 326 2855 .
345 2849 351 2856 .
370 2850 377 2856 .
393 2827 615 2868 ercepcrnnss]
663 2827 724 2868 Lg.
746 2829 788 2858 42
812 2828 870 2858 has

114 2870 285 2906 gesserunt
295 2869 316 2905 ς’
340 2869 396 2900 the
412 2872 479 2901 rest
496 2874 505 2887 ‘
516 2871 698 2911 gesserint?
743 2872 797 2902 All
812 2871 869 2902 the

919 2272 1012 2302 rata'
1042 2283 1107 2302 was
1133 2283 1153 2302 a
1182 2273 1384 2313 community
1412 2273 1589 2303 connected
1615 2274 1697 2304 with

918 2314 1020 2345 Rome
1031 2315 1074 2355 by
1087 2315 1144 2345 the
1159 2317 1260 2345 ternis
1276 2315 1313 2345 of
1323 2326 1342 2345 a
1359 2320 1367 2332 ⁵
1377 2315 1488 2345 foedus
1499 2316 1507 2328 ³
1524 2326 1560 2346 or
1575 2318 1696 2357 treaty.

917 2358 986 2387 The
1008 2360 1094 2387 term
1111 2368 1175 2387 was
1197 2357 1325 2397 applied
1348 2360 1383 2388 to
1399 2359 1455 2388 the
1472 2359 1593 2389 Italian
1611 2360 1695 2390 Socii

916 2400 1027 2430 before
1058 2409 1123 2430 B.c.
1151 2402 1194 2431 90
1222 2400 1286 2440 (sce
1313 2401 1422 2431 Divin.
1454 2412 1480 2431 c.
1512 2402 1557 2441 3),
1589 2403 1695 2434 whose

918 2447 927 2459 ‘
937 2443 1049 2473 foedus
1061 2443 1069 2456 ²
1088 2443 1169 2473 with
1183 2443 1284 2473 Rome
1296 2444 1427 2484 implied
1443 2455 1462 2475 a
1476 2445 1557 2475 kind
1584 2446 1621 2475 of
1639 2456 1694 2485 po-

915 2486 1019 2516 litical
1030 2486 1220 2526 subjection.
1242 2487 1345 2517 There
1356 2498 1439 2518 were
1451 2488 1517 2518 also
1529 2488 1694 2519 ‘civitates

915 2529 1119 2559 foederatae’
1151 2532 1209 2560 out
1239 2530 1276 2559 of
1302 2530 1401 2571 Italy,
1427 2542 1460 2561 as
1491 2531 1635 2562 Massilia
1658 2532 1693 2562 in

917 2571 1010 2607 Gaul,
1032 2572 1089 2602 the
1113 2572 1180 2613 city
1196 2573 1233 2602 of
1251 2573 1501 2604 Tauromenium
1524 2574 1558 2604 in
1582 2574 1691 2616 Sicily,

916 2615 981 2645 and
1006 2615 1126 2645 others.
1183 2616 1259 2645 This
1285 2619 1408 2647 matter
1434 2617 1460 2647 is
1482 2617 1612 2648 further
1639 2628 1691 2648 ex-

913 2657 1043 2697 plained
1070 2658 1142 2688 Lib.
1165 2660 1196 2689 3.
1220 2669 1247 2689 0.
1271 2660 1301 2690 6.
1355 2660 1399 2689 Α8
1422 2662 1457 2690 to
1480 2660 1537 2690 the
1562 2661 1692 2691 various

914 2700 1010 2730 kinds
1026 2701 1062 2730 of
1075 2701 1243 2738 ‘fi›edera,'
1259 2713 1309 2732 see
1326 2702 1419 2743 Livy,
1437 2704 1488 2733 34.
1507 2713 1533 2733 0.
1551 2703 1602 2735 57.

958 2743 1219 2780 Tauromenium,
1236 2745 1341 2775 which
1365 2746 1391 2775 is
1411 2746 1468 2776 the
1484 2746 1623 2785 genuine
1639 2756 1689 2776 or-

913 2786 1110 2827 thography,
1123 2790 1180 2818 not
1196 2788 1451 2823 Taurominimn,
1467 2789 1493 2818 is
1509 2799 1580 2818 now
1591 2789 1688 2819 Taor-

913 2830 1012 2865 mina,
1028 2840 1070 2860 on
1092 2831 1149 2861 the
1165 2833 1234 2861 east
1250 2834 1338 2862 coast
1361 2832 1398 2861 of
1417 2832 1525 2872 Sicily,
1542 2832 1688 2862 between

913 2872 1063 2904 Messana
1093 2874 1157 2904 and
1187 2874 1315 2905 Catina.
1374 2874 1497 2911 Naxus,
1528 2875 1585 2905 the
1616 2875 1688 2906 first
