1849 3167
585 103 713 147 AOT.
745 104 810 146 II.
841 103 1030 146 LIBER
1062 103 1356 151 QUARTUS.
1688 105 1772 147 453

169 218 280 262 libus
299 218 353 260 lis
374 218 595 261 aestimata
615 224 689 262 est.
751 219 866 261 Huic
887 218 1137 261 Mamertini
1156 218 1257 260 irati
1277 219 1462 269 fuerunt,
1481 218 1555 275 qui
1569 218 1774 275 majorem

171 290 389 340 sumptum
419 300 546 340 quam
576 285 727 340 quanti
769 284 942 326 Catonis
971 284 1025 326 lis
1056 284 1278 326 aestimata
1320 291 1382 326 est
1423 285 1469 325 in
1511 284 1774 325 Timarchidi

169 350 399 405 prandium
429 365 550 405 saepe
581 351 784 392 fecerunt.
860 350 1024 392 Verum
1053 350 1157 391 haec
1188 350 1340 391 civitas
1370 350 1442 391 isti
1480 349 1685 404 praedoni
1725 364 1774 391 ac

168 415 333 471 piratae
355 414 565 457 Siciliensi
586 416 778 457 Phaselis
799 415 893 457 fuit.
955 416 1053 457 Huc
1074 416 1217 457 omnia
1237 416 1426 471 undique
1450 415 1773 464 deferebantur3

169 481 284 535 apud
303 481 404 522 istos
425 481 798 536 relinquebantur:
831 481 945 536 quod
964 481 1094 522 celari
1115 496 1219 536 opus
1240 486 1343 531 erat,
1376 480 1591 521 habebant
1619 479 1772 534 seposi-

168 551 262 587 tum
292 561 340 587 ac
369 547 660 587 reconditum:
691 561 768 601 per
797 546 900 588 ist-os
921 561 1029 602 quae
1061 546 1230 588 volebat
1264 546 1374 587 clam
1404 545 1675 600 imponenda,
1708 559 1773 585 oc-

168 611 281 652 culte
302 612 564 666 exportanda
584 611 781 653 curabat:
813 627 968 653 navem
988 611 1170 666 denique
1191 612 1423 652 maximam
1437 625 1566 665 quam
1578 615 1773 651 onustam

167 676 294 718 furtis
324 677 370 718 in
400 677 574 718 Italiam
602 677 792 718 mitteret
820 677 934 732 apud
953 677 1055 718 istos
1074 676 1313 718 faciendam
1337 672 1770 732 [aedificandamque]

168 742 333 784 curavit
352 758 360 783 :
392 757 468 797 pro
489 743 605 783 hisce
625 742 749 783 rebus
776 743 941 784 vacatio
962 743 1061 783 data
1083 741 1145 783 est
1178 743 1230 784 ab
1260 742 1341 784 isto
1372 747 1578 796 sumptus,
1600 740 1770 788 laboris,

166 808 360 858 militiae,
393 823 536 848 rerum
556 807 738 862 denique
759 808 950 849 omnium
968 823 976 848 :
1009 823 1085 862 per
1114 807 1349 849 triennium
1376 807 1454 848 soli
1473 821 1561 847 non
1581 806 1705 846 modo
1725 805 1773 845 in

168 873 326 923 Sicilia,
349 889 510 923 verum,
532 879 581 914 ut
602 874 746 928 opinio
766 889 859 915 mea
881 874 976 923 fert,
998 873 1065 914 his
1087 873 1260 928 quidem
1290 872 1551 927 temporibus
1583 871 1629 911 111
1656 870 1774 912 0111111

167 940 268 980 orbe
298 944 521 987 terrarum,
554 939 689 988 vacui,
723 945 928 994 expertes,
961 939 1089 980 soluti
1119 954 1167 979 ac
1196 937 1321 979 liberi
1351 937 1524 978 fuerunt
1564 936 1617 977 ab
1656 935 1774 976 omni

167 1010 352 1059 sumptu,
384 1004 588 1054 molestia,
620 1019 806 1045 munere.
868 1004 985 1045 Hinc
1015 1004 1091 1045 illa
1120 1003 1274 1044 Verria
1304 1009 1405 1043 nata
1436 1006 1546 1050 sunt,
1579 1001 1692 1055 quod
1727 1000 1774 1041 in

167 1069 413 1110 convivium
444 1069 538 1110 Sex.
573 1068 816 1110 Cominium
845 1069 1039 1124 protrahi
1063 1068 1204 1124 jussit,
1247 1069 1293 1108 in
1326 1082 1453 1122 quem
1483 1066 1691 1121 scyphum
1721 1066 1774 1107 de

166 1149 297 1174 manu
321 1134 462 1187 jacere
493 1139 667 1174 conatus
698 1139 773 1182 est,
806 1127 1129 1188 quem‘obtorta
1155 1133 1255 1189 gula
1276 1133 1327 1173 de
1349 1131 1544 1173 convivio
1565 1132 1611 1171 in
1633 1131 1775 1172 vincla

165 1204 293 1253 atque
313 1199 359 1238 in
379 1199 574 1239 tenebras
596 1199 734 1253 abripi
749 1199 890 1253 jussit.
951 1198 1068 1239 Hinc
1090 1199 1165 1239 illa
1186 1213 1303 1246 crux,
1328 1198 1374 1238 in
1395 1212 1524 1252 quam
1545 1196 1625 1237 iste
1638 1196 1775 1238 civem

164 1262 408 1304 Romanum
441 1262 589 1304 multis
624 1263 960 1318 inspectantibus
1000 1264 1197 1314 sustulit3
1249 1278 1379 1318 quam
1418 1277 1505 1303 non
1547 1277 1671 1303 ausus
1712 1268 1775 1303 est

164 1343 343 1383 usquam
377 1328 562 1383 defigere
596 1328 681 1369 nisi
716 1330 830 1384 apud
861 1344 930 1371 eos
962 1329 1217 1385 quibuscum
1251 1328 1394 1370 omnia
1427 1327 1584 1369 scelera
1619 1343 1694 1370 sua
1726 1343 1774 1370 ac

164 1393 388 1435 latrocinia
409 1394 758 1435 communicavit.-

221 1458 304 1499 ΧΙ.
336 1458 579 1499 Laudatum
609 1459 739 1500 etiam
769 1475 843 1502 vos
873 1476 1130 1516 quemquam
1160 1460 1354 1502 venitis?
1385 1475 1468 1515 qua
1489 1458 1776 1500 auctoritate?

165 1529 310 1565 utrum
341 1539 470 1579 quam
505 1525 619 1579 apud
653 1530 848 1567 senatum
884 1542 940 1568 an
972 1542 1102 1583 quam
1137 1527 1251 1582 apud
1289 1525 1496 1581 populum
1531 1524 1775 1566 Romanum

164 1589 320 1630 habere
341 1589 503 1630 debetis
517 1589 537 1630 Ρ
577 1589 748 1644 Ecquae
765 1591 916 1633 civitas
931 1597 1006 1642 est,
1029 1607 1116 1633 non
1136 1591 1182 1632 in
1203 1591 1434 1646 provinciis
1455 1590 1610 1632 nostris
1627 1604 1775 1630 verum

165 1654 212 1694 in
241 1653 404 1694 ultimis
433 1654 690 1704 nationibus,
723 1661 797 1697 aut
827 1661 917 1698 tam
945 1663 1097 1712 potens
1127 1663 1201 1699 aut
1232 1663 1321 1699 tam
1362 1657 1497 1698 libera
1537 1662 1609 1697 aut
1645 1656 1775 1696 etiam

165 1723 255 1759 tam
285 1718 482 1759 immanis
513 1734 561 1760 ac
591 1720 798 1771 barbara;
842 1737 919 1762 rex
949 1723 1132 1777 denique
1164 1723 1306 1777 ecquis
1338 1727 1400 1763 est
1431 1722 1506 1778 qui
1535 1727 1774 1763 senatorem

165 1783 312 1839 populi
339 1783 523 1825 Romani
550 1789 660 1825 tecto
681 1800 729 1826 ac
750 1786 873 1827 domo
900 1802 987 1827 non
1014 1787 1203 1828 invitet?
1234 1787 1308 1842 qui
1338 1787 1472 1827 honos
1496 1801 1582 1827 non
1609 1785 1774 1827 homini

165 1850 298 1891 solum
320 1849 513 1899 habetur,
537 1849 608 1890 sed
629 1850 816 1904 primum
837 1851 993 1906 populo
1015 1852 1222 1901 Romano,
1245 1852 1365 1908 cujus
1387 1851 1590 1893 beneficio
1619 1867 1696 1893 nos
1726 1852 1772 1893 111

208 1938 478 1980 (ἷςΐενεὸῑιιιίιιν;]
528 1939 586 1969 R3
618 1945 650 1975 λ,
682 1939 812 1979 Zumpt,
838 1940 870 1970 in
894 1940 944 1970 his

164 1983 273 2023 lai-ger
300 1983 434 2019 edition,
465 1982 573 2018 Klotz,
599 1983 663 2012 and
691 1982 819 2012 Iordan.
876 1983 944 2014 The

165 2037 313 2056 common
334 2026 470 2065 reading
495 2026 520 2056 is
547 2025 847 2065 ‘deportal›antur-,⁹
893 2027 944 2056 On

165 2069 268 2099 ‘elam
285 2069 497 2109 iniponenda'
515 2069 634 2108 Zumpt
645 2069 802 2104 observes,
821 2074 839 2085 ⁸⁴
851 2070 943 2099 omisi

164 2123 247 2153 qnae
263 2113 361 2152 vulgo
377 2112 638 2152 pmwmittuntur
654 2112 751 2142 verba
774 2113 805 2141 e'n
833 2123 943 2143 narem

164 2158 337 2196 propterea
355 2156 441 2196 quod
464 2156 583 2186 absunt
600 2166 618 2186 a
637 2155 784 2185 Lambini
808 2156 943 2192 dnobus,

164 2201 199 2230 et
239 2199 341 2239 Regio
380 2198 521 2234 Graevii,
553 2209 612 2228 nee
642 2198 675 2228 in
707 2198 823 2228 (ha-ln:
856 2199 943 2229 inve-

164 2242 337 2272 niuntur.'’
383 2246 391 2258 ‘
406 2242 596 2282 Imponere'
621 2252 679 2271 ean
704 2241 742 2271 be
767 2241 844 2271 thus
869 2242 946 2272 used

165 2285 366 2325 absolutely;
391 2285 465 2321 and,
482 2296 516 2315 as
539 2295 557 2314 a
580 2287 704 2314 matter
722 2285 759 2314 of
779 2286 874 2321 tusto,
893 2285 944 2315 ‘in

164 2337 280 2357 navem
292 2328 299 2340 '
317 2328 343 2357 is
359 2328 468 2358 better
484 2327 632 2358 omitted.

208 2369 356 2411 vacatio]
404 2371 433 2400 A
460 2371 579 2400 release
604 2381 640 2399 01·
671 2380 785 2400 excuse
811 2370 894 2400 from
926 2382 945 2401 a

164 2412 258 2452 duty.
305 2413 373 2443 The
389 2414 466 2443 verb
482 2424 594 2443 oeenrs
617 2413 649 2442 in
674 2413 730 2442 the
753 2424 839 2443 same
854 2424 944 2445 sense

164 2455 197 2485 in
217 2455 264 2486 De
277 2456 351 2485 Sen.
364 2467 391 2485 e.
406 2457 457 2491 11,
475 2461 483 2472 ¹
494 2467 572 2494 ergo
584 2479 590 2485 .
603 2479 609 2486 .
621 2458 713 2486 van-at
731 2459 821 2486 netas
834 2460 945 2489 nostra

164 2498 374 2534 muneribus-‚¹
402 2500 458 2528 xe.
504 2499 597 2529 U'ith
626 2510 643 2528 a
668 2509 766 2535 noun,
791 2499 847 2530 the
870 2511 944 2531 emi-

163 2541 326 2572 strnetion
351 2541 376 2570 is
400 2541 479 2571 with
508 2542 564 2572 the
589 2541 743 2581 genitive,
770 2553 803 2572 as
831 2543 863 2574 in
887 2544 944 2575 the

163 2587 294 2624 excerpt
327 2585 408 2614 from
437 2585 589 2614 scm-vola
622 2585 712 2625 (Dig.
744 2587 795 2616 50.
824 2588 853 2617 5.
885 2587 942 2627 3):

163 2632 182 2644 ‘⁴
199 2627 260 2657 His=
275 2627 330 2667 11111
348 2638 444 2657 naves
466 2628 606 2657 marinas
623 2628 867 2660 fabriem'ernnt
884 2653 891 2661 .
909 2654 916 2661 .
935 2654 942 2661 .

162 2670 306 2700 muneris
347 2670 466 2710 publici
507 2671 634 2701 vacatio
674 2674 861 2712 praestatur
902 2674 942 2705 ob

162 2713 292 2744 naves.”

206 2756 291 2796 qaod
312 2756 345 2786 in
368 2756 565 2797 convivium]
612 2757 714 2788 These
731 2758 836 2789 words
856 2759 941 2790 refer

161 2801 197 2830 to
220 2804 227 2816 ‘
241 2800 268 2829 V
271 2799 378 2835 erria,’
400 2803 434 2830 to
455 2800 512 2830 tho
534 2800 679 2840 banquet
694 2801 800 2832 which
817 2813 940 2833 necom-

160 2843 279 2884 panicd
303 2843 369 2874 this
393 2843 522 2874 festival
547 2843 581 2874 in
605 2843 730 2875 honour
756 2845 794 2876 of
813 2845 940 2878 Verres.

989 1941 1057 1971 The
1084 1941 1235 1971 drunken
1262 1952 1433 1979 governor,
1457 1952 1505 1972 we
1528 1951 1602 1983 may
1626 1952 1773 1982 suppose,

989 1984 1095 2014 threw
1112 1995 1129 2014 a
1147 1995 1208 2024 cup
1225 1988 1260 2014 at
1277 1984 1442 2014 Cominius
1456 1998 1462 2015 :

1056 2046 1075 2060 “
1089 2043 1186 2074 Natis
1203 2043 1235 2074 in
1252 2054 1345 2073 nsum
1363 2044 1508 2075 laetitiae
1524 2045 1654 2085 scyphis

1088 2086 1239 2127 Pugnare
1256 2087 1419 2117 Thracum
1436 2087 1518 2117 ostss·

1331 2130 1450 2161 lim-at.
1469 2132 1485 2162 l
1504 2130 1612 2161 Carni.
1630 2131 1727 2162 xxvii.

1031 2196 1307 2237 communicavit.]
1325 2201 1333 2213 ‘
1341 2198 1644 2229 00111111111111111158111
1653 2199 1660 2210 ’
1671 2199 1771 2237 ‹lt-tm

992 2242 1280 2271 ‘eonnnnnieasset
1295 2241 1303 2252 ’
1322 2240 1382 2279 Lg.
1400 2243 1441 2272 29
1458 2243 1510 2272 is.

1035 2285 1085 2314 11.
1108 2283 1242 2324 Eequae
1258 2283 1393 2326 viritas]
1428 2284 1547 2326 Zumpt
1565 2296 1636 2325 says
1652 2285 1728 2316 that
1745 2285 1773 2317 it

990 2326 1016 2356 is
1046 2327 1184 2358 ‹liffieult
1215 2330 1250 2358 to
1277 2327 1388 2358 decido
1413 2327 1441 2358 it·
1468 2339 1515 2358 we
1539 2328 1654 2358 should
1678 2329 1772 2359 write

990 2374 998 2387 ‘
1011 2380 1130 2411 eequae
1141 2370 1150 2384 '
1166 2381 1202 2400 or
1219 2374 1227 2387 ‘
1239 2371 1361 2410 eeqna,'
1378 2371 1427 2401 for
1441 2371 1533 2402 there
1546 2372 1571 2401 is
1588 2372 1644 2402 the
1655 2372 1772 2403 antho-

989 2413 1055 2454 rity
1082 2414 1119 2443 of
1145 2413 1202 2444 the
1232 2417 1324 2454 poets
1355 2414 1404 2445 for
1434 2414 1525 2445 both.
1582 2415 1680 2446 Klotz
1707 2416 1772 2447 and

991 2456 1108 2487 Iol-dan
1125 2457 1207 2487 have
1224 2462 1231 2474 ‘
1243 2457 1365 2497 ecqua)

1032 2500 1125 2530 domo
1140 2511 1199 2531 non
1214 2501 1327 2530 invite!
1341 2500 1370 2541 3]
1394 2501 1572 2532 Lambinus
1582 2511 1654 2541 says
1667 2505 1675 2518 ‘
1687 2502 1771 2534 forte

989 2543 1022 2573 in
1046 2545 1162 2573 tectum
1188 2554 1227 2573 α(-
1250 2544 1401 2579 1Ιοηιι1ηι,’
1425 2555 1466 2574 on
1487 2544 1592 2575 which
1613 2545 1772 2574 Graevius

988 2597 1060 2627 says
1077 2592 1084 2603 ‘
1098 2587 1255 2627 pessimo)
1304 2587 1355 2617 111·
1374 2587 1518 2627 explains
1541 2594 1547 2604 ⁸
1560 2588 1699 2617 inritare
1712 2587 1718 2597 '
1737 2592 1771 2618 to

988 2630 1027 2660 be
1051 2630 1108 2660 the
1131 2641 1218 2660 snnie
1242 2641 1276 2661 as
1301 2631 1489 2670 “1·.11·ἰ111·1·1·,’
1514 2631 1577 2660 111111
1609 2631 1708 2660 refers
1735 2634 1771 2660 to

987 2673 1112 2703 «lustin.
1137 2673 1157 2703 i.
1181 2674 1213 2709 6,
1239 2673 1384 2703 ‘eosdem
1409 2674 1573 2713 apparatis
1597 2673 1698 2715 epulis
1722 2674 1770 2703 in-

985 2717 1093 2747 vitat?
1141 2717 1261 2756 Zumpt.
1285 2717 1385 2746 refers
1410 2720 1444 2746 to
1468 2717 1535 2747 (sie.
1560 2716 1642 2747 Phil.
1660 2716 1714 2746 xii.
1738 2718 1769 2754 9,

987 2763 995 2776 ‘
1008 2759 1148 2799 hospitio
1164 2759 1342 2790 invitabit)
1375 2760 1433 2790 See
1450 2760 1618 2796 Graevius,
1635 2764 1711 2790 note
1727 2770 1769 2790 on

986 2803 1111 2834 Justin.

1024 2846 1152 2887 populo
1169 2845 1330 2883 Romano,
1347 2847 1440 2888 eujus
1455 2845 1623 2888 bemfieio]
1649 2846 1678 2877 A
1694 2855 1769 2877 man
