1849 3167
88 138 144 179 36
624 138 694 182 IN
725 139 776 187 Q.
809 139 1146 181 OAEOILIUM

89 251 262 294 cedam:
304 251 340 294 si
378 251 582 310 injuriam
620 253 700 296 tibi
735 254 891 296 factam
931 253 1130 310 quereris,
1167 253 1392 297 defendam
1423 259 1466 297 et
1504 255 1681 311 negabo.

87 318 284 374 Denique
304 320 356 361 de
377 320 534 377 injuria
554 336 661 376 quae
682 321 762 363 tibi
782 321 894 362 facta
921 321 975 363 sit
995 320 1209 362 neminem
1232 325 1425 362 nostrum
1445 321 1684 376 graviorem

82 385 273 440 judicem
300 401 387 428 esse
413 391 577 441 oportet
603 402 731 442 quam
757 393 799 428 te
827 387 967 441 ipsum
993 386 1061 427 cui
1082 386 1194 427 facta
1214 385 1381 427 dicitur.
1443 386 1488 427 Si
1512 392 1559 427 tu
1586 401 1683 427 cum

87 451 163 493 illo
183 457 328 506 postea
354 452 400 492 in
429 452 612 507 gratiam
632 453 792 501 redisti,
816 453 851 493 si
878 452 993 493 domi
1016 451 1132 492 illius
1160 451 1380 507 aliquoties
1401 451 1531 502 fuisti,
1555 451 1591 493 si
1610 451 1683 492 ille

88 518 202 572 apud
227 522 270 558 te
296 522 440 572 postea
460 518 665 567 coenavit,
688 523 832 559 utrum
859 522 901 559 te
927 517 1199 572 perfidiosum
1222 532 1277 558 an
1303 518 1683 573 praevaricatorem

87 582 323 624 existimari
348 583 517 624 mavis?
576 583 712 625 Video
734 599 821 624 esse
848 598 1014 625 necesse
1042 582 1318 624 alterutrum:
1350 583 1423 624 sed
1443 598 1521 638 ego
1542 587 1682 623 tecum

85 647 133 689 in
168 664 215 690 eo
245 664 331 690 non
362 649 562 704 pugnabo
596 664 679 704 quo
713 649 854 690 minus
889 654 1034 689 utrum
1064 648 1169 689 velis
1203 648 1347 704 eligas.
1410 648 1533 695 Quod
1563 648 1598 689 si
1627 662 1681 688 ne

85 714 270 770 injuriae
283 715 453 770 quidem
470 730 577 770 quae
596 715 677 756 tibi
698 715 750 756 ab
770 715 845 756 illo
867 714 978 756 facta
999 714 1053 755 sit
1074 728 1197 755 causa
1217 719 1418 764 remanet,
1434 715 1537 770 quid
1551 713 1689 754 habes.

86 781 200 835 quod
228 780 360 835 possis
390 780 527 822 dicere
557 780 830 835 quamobrem
859 795 946 821 non
969 779 1093 820 modo
1117 779 1225 821 mihi
1249 781 1321 821 sed
1344 780 1541 836 cuiquam
1562 783 1680 820 ante-

85 847 278 900 ponare?
307 845 391 887 nisi
411 846 519 887 forte
548 846 657 886 illud
685 845 799 900 quod
829 845 1043 887 dicturum
1072 850 1114 886 te
1142 861 1229 887 esse
1259 845 1394 895 audio,
1418 850 1683 901 quaestorem

85 910 200 953 illius
221 911 371 962 fuisse;
404 927 510 967 quae
538 927 661 953 causa
693 911 835 966 gravis
863 916 981 961 esset,
1006 911 1041 952 si
1067 916 1249 952 certares
1274 926 1440 953 mecum
1463 916 1558 952 uter
1583 925 1679 951 nos-

84 981 200 1018 trum
220 977 285 1018 illi
306 978 478 1019 amicior
494 993 580 1019 esse
596 978 789 1018 deberet:
813 977 859 1018 in
872 976 1140 1018 contentione
1156 976 1517 1032 suscipiendarum
1536 975 1680 1017 inimi-

85 1042 283 1084 citiarum
303 1043 530 1084 ridiculum
551 1048 613 1084 est
632 1048 782 1098 putare
804 1058 972 1085 causam
992 1042 1314 1084 necessitudinis
1335 1043 1389 1083 ad
1411 1041 1682 1083 inferendum

83 1108 321 1163 periculum
345 1109 507 1165 justam
527 1109 664 1150 videri
684 1114 887 1163 oportere.
948 1108 1123 1150 Etenim
1150 1108 1185 1149 si
1207 1107 1412 1164 plurimas
1439 1123 1464 1149 a
1487 1112 1681 1163 praetore

83 1179 156 1215 tuo
184 1174 362 1230 injurias
392 1174 630 1229 accepisses,
658 1179 802 1216 tamen
830 1189 898 1215 eas
925 1173 1097 1215 ferendo
1128 1174 1332 1230 majorem
1354 1173 1524 1215 laudem
1552 1187 1681 1228 quam

82 1239 322 1282 ulciscendo
342 1255 573 1282 mererere:
596 1256 724 1296 quum
739 1255 838 1281 vero
854 1239 1020 1281 nullum
1040 1239 1156 1281 illius
1178 1240 1224 1281 in
1236 1239 1325 1281 vita
1345 1239 1499 1281 rectius
1520 1238 1681 1280 factum

82 1305 139 1346 sit
169 1321 297 1361 quam
326 1306 372 1347 id
397 1306 509 1361 quod
539 1313 588 1346 tu
616 1305 820 1361 injuriam
849 1305 1047 1361 appellas,
1070 1305 1118 1346 hi
1148 1309 1336 1346 statuent
1365 1304 1476 1345 hanc
1496 1319 1677 1353 causam,

85 1386 214 1427 quam
234 1386 288 1412 ne
308 1371 354 1411 in
375 1371 457 1412 alio
477 1371 650 1427 quidem
670 1371 910 1426 probarent,
933 1371 980 1411 in
1005 1376 1048 1412 te
1071 1370 1232 1427 justam
1253 1371 1307 1412 ad
1326 1369 1680 1412 necessitudinem

82 1437 326 1479 violandam
338 1437 507 1479 videri?
538 1437 612 1493 qui
628 1437 662 1478 si
679 1452 887 1478 summam
907 1436 1111 1493 injuriam
1131 1437 1184 1478 ab
1199 1436 1273 1477 illo
1294 1435 1502 1492 accepisti,
1520 1440 1677 1484 tamen,

83 1504 285 1559 quoniam
306 1509 501 1559 quaestor
521 1503 610 1559 ejus
631 1503 762 1552 fuisti,
786 1517 871 1543 non
892 1509 1011 1558 potes
1032 1518 1129 1543 eum
1149 1501 1240 1543 sine
1259 1501 1347 1542 ulla
1367 1500 1679 1556 vituperatione

83 1584 278 1611 accusare
293 1584 302 1619 3
325 1569 472 1610 sivero
484 1584 569 1610 non
582 1568 670 1609 ulla
682 1568 762 1609 tibi
774 1567 886 1609 facta
903 1576 965 1610 est
979 1567 1150 1625 injuria,
1168 1567 1257 1609 sine
1274 1566 1427 1608 scelere
1444 1582 1541 1608 eum
1557 1582 1677 1608 accu-

83 1650 174 1676 sare
194 1649 280 1676 non
300 1639 429 1690 potes.
493 1634 633 1681 Quare
663 1649 795 1689 quum
824 1633 1035 1676 incertum
1065 1633 1119 1675 sit
1149 1633 1201 1675 de
1230 1632 1400 1689 injuria,
1423 1648 1679 1688 quemquam

81 1700 234 1741 horum
264 1715 351 1741 esse
381 1704 504 1755 putas
533 1699 609 1757 qui
637 1714 724 1741 non
752 1698 876 1741 malit
905 1705 947 1742 te
978 1699 1068 1741 sine
1092 1698 1403 1754 vituperatione
1433 1713 1561 1754 quam
1582 1713 1679 1741 cum

82 1766 238 1808 scelere
259 1765 470 1808 discedere
488 1765 508 1807 Ρ

83 1898 182 1939 etqui
192 1897 267 1938 jure
280 1897 487 1934 damnantur,
497 1896 706 1933 laeduntur,’'
719 1897 859 1938 51135Α5-
946 1896 1119 1938 remanet,]
1145 1895 1324 1927 ‘remains’
1347 1895 1431 1926 after
1451 1896 1494 1926 all
1519 1896 1595 1927 that
1621 1895 1678 1926 has

84 1941 548 1978 60111115,111111”15,“·’1116(1616
572 1941 696 1996 1111111165
719 1951 760 1971 110
775 1940 861 1980 le'gal
903 1940 1082 1980 happened.
1127 1940 1196 1971 Not
1235 1939 1388 1970 ‘manet.’
1433 1939 1501 1970 The
1539 1939 1613 1970 ‘re'
1643 1940 1679 1970 in

83 1996 112 2015 31
116 1989 260 2025 iong.—
271 1985 451 2025 graximem
474 1984 656 2020 v'indicem,
681 1983 791 2020 Orelli,
812 1984 859 2013 in-
905 1983 1113 2015 ‘remanere’
1140 1984 1240 2014 refers
1266 1985 1301 2014 to
1325 1983 1382 2014 the
1407 1993 1622 2023 consequence
1645 1983 1683 2014 of

84 2028 177 2058 stead
192 2028 229 2058 of
248 2032 256 2044 ‘
269 2038 450 2068 grauiorem
469 2027 634 2068 judicem!
681 2027 715 2057 It
738 2027 763 2057 is
787 2038 861 2067 easy
906 2037 991 2057 some
1008 2027 1211 2063 antecedent,
1228 2026 1334 2057 which
1349 2026 1376 2056 is
1391 2037 1450 2056 0116
1466 2026 1503 2056 of
1513 2026 1570 2057 the
1585 2027 1679 2057 usual

84 2074 120 2102 to
150 2082 200 2101 ,566
231 2071 305 2102 that
345 2071 544 2101 ‘vindicem'
577 2070 765 2111 (uindicem)
797 2070 862 2100 and
905 2071 1072 2111 meanings
1099 2071 1135 2100 of
1162 2070 1258 2101 ‘red'
1288 2070 1322 2100 in
1353 2069 1572 2109 composition.
1619 2070 1677 2100 See

86 2114 264 2154 ‘judicem’
292 2114 456 2154 (iudicem)
489 2125 563 2154 111113·
594 2114 633 2144 be
659 2113 861 2143 confounded
906 2113 945 2143 In
969 2113 1041 2144 Cat.
1066 2114 1086 2143 i.
1113 2124 1139 2144 c.
1167 2115 1218 2150 13,
1245 2113 1307 2143 vol.
1334 2113 1389 2149 iii„
1413 2113 1478 2143 and
1499 2113 1676 2150 ‘reticere,’

84 2157 119 2187 in
142 2157 199 2187 the
222 2157 316 2187 MSS.
364 2158 429 2187 But
446 2157 522 2187 here
538 2157 595 2187 the
611 2157 761 2187 evidence
785 2157 810 2186 is
826 2157 860 2186 in
904 2157 978 2187 Act.
995 2157 1027 2186 ii.
1045 2156 1116 2187 Lib.
1134 2158 1163 2186 1.
1181 2167 1207 2186 c.
1224 2157 1275 2187 35.

83 2200 198 2230 favour
218 2201 254 2230 of
274 2204 282 2216 ¹
289 2200 454 2240 judicem?
499 2201 545 2230 At
560 2200 617 2230 the
635 2200 813 2240 beginning
828 2200 865 2229 of
946 2210 1078 2229 eausam
1094 2198 1354 2239 necessitudinis]
1395 2202 1404 2215 ‘
1417 2199 1451 2229 It
1467 2198 1492 2228 15
1502 2198 1676 2230 ridiculous

86 2253 113 2274 6.
131 2244 171 2274 18
184 2242 283 2273 Orelli
299 2243 356 2273 has
373 2243 456 2273 ‘Hic
481 2266 488 2273 .
513 2266 520 2272 .
538 2243 644 2272 dices?
903 2244 938 2273 to
962 2253 1095 2282 suppose
1121 2243 1196 2273 that
1220 2243 1277 2272 the
1302 2242 1430 2282 ground
1452 2252 1487 2272 or
1509 2252 1621 2272 reason
1644 2243 1681 2273 of

124 2286 348 2326 perfidiosum,
373 2285 445 2327 116]
494 2289 502 2302 ‘
515 2285 750 2315 Treacherous’
775 2285 858 2325 (1161·-
902 2296 984 2326 your
1000 2286 1081 2315 close
1096 2286 1263 2325 intimacy,
1284 2296 1318 2315 as
1340 2287 1470 2325 praetor
1493 2285 1557 2315 and
1580 2296 1675 2325 quae-

84 2329 240 2369 fidiosus),
271 2339 306 2359 or
336 2339 355 2359 a
386 2332 395 2345 ‘
406 2328 666 2369 praevaricator-,³
697 2339 756 2358 one
786 2329 858 2359 who
901 2331 979 2364 stor,
992 2329 1018 2358 is
1030 2339 1049 2358 a
1060 2329 1219 2359 sufficient
1233 2328 1382 2369 (justam)
1395 2328 1523 2368 ground
1533 2328 1584 2359 for
1594 2339 1677 2369 your

84 2372 206 2403 wished
235 2375 271 2402 to
300 2371 481 2402 undertake
510 2372 567 2402 the
596 2371 800 2411 prosecution
826 2371 863 2401 of
900 2372 1056 2412 bringing
1072 2372 1139 2402 him
1155 2372 1225 2402 into
1241 2371 1343 2411 peril.'
1376 2371 1418 2401 ‘J
1422 2371 1535 2408 ustus:
1547 2372 1676 2413 though

84 2415 203 2446 Verres
218 2415 292 2456 only
308 2415 358 2445 for
373 2415 430 2445 the
445 2425 581 2454 purpose
597 2415 633 2444 of
644 2415 793 2454 securing
808 2414 858 2444 his
901 2414 1026 2445 formed
1040 2415 1123 2445 from
1141 2414 1230 2455 ‘jus,'
1243 2415 1299 2444 has
1311 2425 1329 2444 a
1341 2414 1422 2445 wide
1432 2415 1594 2455 meaning,
1611 2416 1676 2446 and

84 2458 253 2499 acquittal.
299 2458 410 2489 Cicero
428 2457 496 2499 (Or.
514 2457 604 2488 Part.
621 2468 647 2487 c.
664 2458 718 2497 36)
736 2457 824 2497 gives
840 2468 859 2487 a
902 2458 1214 2498 signifiesanything
1224 2457 1329 2487 which
1338 2458 1365 2487 is
1375 2458 1532 2498 complete
1544 2468 1580 2488 or
1589 2459 1674 2488 suffi-

85 2502 254 2532 definition
289 2502 325 2532 of
351 2505 359 2518 ‘
372 2501 629 2541 praevaricator,
623 2501 644 2519 ·'
676 2500 740 2530 and
769 2500 857 2530 Mar·
902 2501 989 2531 cient
1004 2501 1038 2530 in
1053 2501 1096 2531 its
1112 2501 1201 2531 kind.
1247 2501 1352 2531 Thus:
1378 2504 1387 2518 ‘
1400 2501 1441 2531 In
1461 2501 1605 2532 amicitia
1619 2512 1674 2542 pa-

85 2545 195 2576 cianus
218 2545 378 2585 (Dig.48.
403 2544 454 2574 16.
477 2545 599 2584 Dsays
627 2543 857 2584 “praevarica-
901 2554 975 2574 rum
996 2544 1124 2584 justus'
1155 2544 1217 2584 (De
1243 2545 1317 2574 Am.
1345 2554 1372 2574 c.
1401 2544 1467 2584 20),
1498 2548 1578 2575 ‘one
1602 2545 1674 2576 who

84 2591 190 2620 torem
221 2598 295 2618 euni
321 2598 387 2618 esse
417 2587 614 2617 ostendimus
641 2587 696 2626 qui
724 2586 857 2617 colludit
901 2587 975 2617 does
997 2589 1054 2617 not
1070 2587 1153 2617 fulffl
1169 2587 1211 2617 all
1226 2587 1282 2617 the
1306 2588 1485 2618 conditions
1507 2588 1544 2618 of
1562 2599 1580 2618 a
1603 2599 1674 2628 per-

85 2642 158 2663 cum
175 2631 250 2667 reos
254 2631 333 2661 'de
380 2630 504 2661 ‘Praev
507 2630 643 2660 aricari’
666 2630 692 2659 15
707 2629 857 2670 properly
900 2630 967 2660 fect
1003 2630 1129 2660 friend.'
1175 2630 1331 2670 Compare
1368 2631 1457 2662 what
1489 2631 1610 2661 follows
1639 2631 1675 2662 in

85 2675 154 2705 said
169 2675 206 2704 of
224 2684 283 2705 one
300 2674 370 2704 who
392 2684 467 2714 goes
489 2673 642 2713 shuffling
664 2673 769 2713 along,
794 2673 858 2702 and
901 2673 967 2703 this
992 2673 1145 2713 chapter:
1174 2674 1312 2714 ‘justam
1338 2674 1379 2705 ad
1405 2675 1674 2705 necessitudinem

83 2722 143 2749 not
168 2718 202 2747 in
229 2728 247 2748 11
271 2717 413 2755 straioht
444 2717 526 2753 line;
553 2697 638 2746 weho
649 2716 675 2746 15
703 2720 742 2745 ‘v
745 2726 818 2746 1·51111
900 2716 1082 2746 violandam
1107 2717 1209 2747 videri
1221 2717 1246 2754 ς’
1273 2717 1337 2747 and
1362 2718 1568 2758 ‘justiorem’
1589 2718 1623 2748 in
1645 2728 1673 2748 c.

85 2760 334 2801 ’11111611351135
362 2760 526 2791 Heindorf
549 2759 644 2800 (Hor.
672 2760 690 2789 1
719 2759 786 2789 Sat.
812 2759 856 2789 iii.
901 2760 953 2791 19.

84 2805 179 2844 47),‘
191 2814 350 2843 expresses
367 2814 383 2833 11
400 2804 590 2843 divergence
606 2802 670 2833 like
686 2803 742 2833 the
758 2802 856 2832 letter
944 2803 1106 2832 discedere
1118 2802 1147 2844 ?]
1195 2803 1270 2833 This
1286 2804 1376 2834 word
1390 2804 1417 2833 is
1432 2804 1521 2834 often
1537 2804 1615 2834 used
1637 2805 1672 2834 to

83 2847 114 2878 V
124 2848 149 2884 ς’
173 2848 221 2877 for
237 2847 277 2877 he
293 2847 318 2876 15
335 2851 342 2863 ‘
356 2847 473 2883 varus‚'
484 2858 517 2877 as
534 2846 643 2877 Celsus
657 2856 739 2887 51135,
750 2846 855 2876 whose
898 2856 1024 2886 express
1040 2846 1096 2876 the
1112 2847 1243 2887 getting
1258 2850 1315 2877 out
1326 2848 1362 2877 of
1373 2858 1413 2877 an
1430 2847 1530 2883 afl'air,
1544 2847 1673 2887 coming

82 2891 151 2923 foot
168 2891 277 2922 ‘intus
292 2889 488 2920 inclinatur?
899 2891 951 2926 off,
967 2900 1001 2920 as
1017 2900 1064 2920 wc
1079 2901 1145 2930 5113,
1163 2890 1195 2920 111
1219 2902 1236 2920 a
1253 2890 1376 2921 certain
1393 2901 1473 2931 way,
1490 2890 1553 2921 and
1575 2900 1670 2931 gene-
