1849 3167
502 92 630 134 ACT.
662 93 726 134 II.
758 92 948 134 LIBER
981 92 1260 139 QUINTUS.
1608 99 1692 141 567

90 220 232 247 rerum
251 205 462 248 immunes
482 206 680 258 fuerunt3
712 207 791 249 soli
814 206 861 248 in
883 206 1006 248 istius
1030 206 1209 262 imperio
1238 223 1286 249 ea
1311 209 1552 251 conditione
1571 210 1690 253 vixe-

89 276 190 312 runt
210 276 258 312 ut
278 272 434 326 populo
455 272 648 315 Romano
667 273 779 314 nihil
799 273 963 323 darent,
986 272 1115 313 Verri
1135 273 1248 314 nihil
1268 274 1540 329 denegarent.

145 335 324 377 XXIII.
367 336 530 378 Verum
561 343 609 379 ut
643 339 697 379 ad
728 338 904 379 classem
933 352 1016 392 quo
1049 352 1102 378 ex
1128 337 1218 378 loco
1251 353 1344 379 sum
1376 339 1589 394 digressus
1624 355 1689 382 re·

87 405 242 450 vertar,
266 402 465 456 accepisti
485 418 509 444 a
530 402 800 444 Mamertinis
819 417 973 444 navem
993 407 1140 443 contra
1160 401 1300 457 leges3
1323 403 1523 444 remisisti
1544 410 1691 447 contra

88 465 280 507 foedera:
312 467 373 508 ita
402 467 447 508 in
472 483 558 508 una
581 468 755 509 civitate
778 468 844 509 bis
873 467 1090 522 improbus
1117 466 1250 516 fuisti,
1273 482 1406 522 quum
1426 475 1468 509 et
1489 469 1691 511 remisisti

88 532 201 586 quod
235 546 321 573 non
355 534 574 587 oportebat
606 538 649 574 et
688 532 887 588 accepisti
921 533 1034 588 quod
1065 547 1154 574 non
1191 532 1360 573 licebat.
1426 532 1613 588 Exigere
1649 539 1690 575 te

87 597 275 651 oportuit
313 613 468 639 navem
508 613 615 654 quae
655 603 803 640 contra
841 598 1086 653 praedones,
1123 612 1210 638 non
1250 612 1358 652 quae
1398 612 1495 638 cum
1534 598 1691 652 praeda

86 662 335 717 navigaret;
377 678 485 718 quae
525 663 770 706 defenderet
809 679 863 705 ne
893 663 1115 719 provincia
1155 663 1421 718 spoliaretur,
1456 678 1543 704 non
1582 678 1691 719 quae

86 727 220 782 spolia
251 728 495 783 provinciae
527 734 727 784 portaret.
795 729 1046 770 Mamertini
1083 729 1165 770 tibi
1197 734 1240 770 et
1279 729 1428 770 urbem
1460 744 1543 784 quo
1575 729 1692 770 furta

85 793 274 848 undique
314 794 558 848 deportares
605 800 648 836 et
695 809 850 836 navem
889 794 936 834 in
975 809 1060 849 qua
1104 798 1350 848 exportares
1389 794 1689 849 praebuerunt.

85 857 204 899 Illud
227 858 308 900 tibi
332 860 535 914 oppidum
559 860 872 915 receptaculum
901 860 1082 915 praedae
1106 858 1213 900 fuit:
1245 858 1312 899 ffli
1341 859 1534 900 homines
1563 863 1691 900 testes

85 925 360 980 custodesque
391 925 625 967 furtorum:
657 926 723 966 illi
752 925 832 967 tibi
862 931 905 966 et
934 925 1074 967 locum
1103 925 1229 966 furtis
1260 931 1301 965 et
1331 924 1545 966 furtorum
1573 924 1691 965 vehi-

85 990 230 1031 culum
249 996 613 1046 comparaverunt.
675 991 828 1046 Itaque
852 1007 905 1033 ne
929 997 1023 1033 tum
1042 991 1215 1047 quidem
1236 1005 1368 1046 quum
1388 990 1564 1031 classem
1593 1005 1690 1032 ava-

85 1056 185 1097 ritia
206 1072 254 1098 ac
279 1057 471 1112 nequitia
496 1063 570 1099 tua
593 1057 821 1113 perdidisti
842 1057 1112 1098 Mamertinis
1142 1071 1297 1097 navem
1325 1056 1535 1110 imperare
1566 1070 1690 1097 ausus

84 1137 139 1171 es,
172 1137 255 1177 quo
290 1128 479 1177 tempore
506 1123 553 1163 in
576 1128 697 1164 tanta
720 1123 864 1178 inopia
888 1122 1064 1164 navium
1087 1126 1292 1176 tantaque
1323 1120 1564 1161 calamitate
1593 1136 1689 1176 pro-

84 1187 262 1236 vinciae,
286 1187 452 1228 etiamsi
471 1188 661 1242 precario
683 1193 821 1229 essent
841 1187 1035 1242 rogandi,
1058 1192 1204 1227 tamen
1225 1186 1278 1226 ab
1298 1185 1351 1226 iis
1375 1185 1689 1240 impetraretur.

84 1251 361 1307 Reprimebat
381 1252 496 1293 enim
525 1252 605 1293 tibi
626 1257 668 1293 et
697 1252 938 1307 imperandi
957 1251 1046 1293 vim
1067 1256 1110 1292 et
1137 1250 1319 1306 rogandi
1340 1256 1540 1291 conatum
1569 1265 1691 1305 prae-

83 1316 197 1358 clara
223 1316 298 1358 illa
324 1332 411 1358 non
437 1317 593 1372 populo
614 1317 807 1359 Romano
829 1316 997 1359 reddita
1024 1316 1197 1358 biremis
1222 1315 1296 1356 sed
1319 1315 1507 1371 praetori
1537 1316 1693 1357 donata

83 1382 252 1438 cybaea.
332 1383 397 1424 Ea
436 1382 520 1424 fuit
565 1398 726 1424 merces
765 1382 949 1438 imperii,
992 1381 1155 1431 auxilii,
1192 1380 1316 1437 juriS‚
1359 1380 1691 1430 consuetudinis,

83 1447 275 1489 foederis.

140 1511 309 1554 XXIV.
351 1513 532 1555 Habetis
564 1513 690 1554 unius
723 1512 910 1554 civitatis
945 1511 1118 1553 firmum
1158 1510 1369 1552 auxilium
1409 1510 1612 1552 amissum
1645 1526 1693 1552 ac

83 1579 307 1620 venditum
335 1578 496 1634 pretio:
535 1578 775 1634 cognoscite
804 1592 919 1619 nunc
948 1591 1105 1618 novam
1134 1576 1371 1632 praedandi
1400 1575 1610 1616 rationem
1640 1576 1694 1617 ab

84 1644 163 1685 hoc
189 1643 377 1698 primum
401 1644 700 1699 excogitatam.
762 1642 990 1697 Sumptum
1010 1657 1180 1683 omnem
1200 1640 1246 1682 in
1268 1640 1443 1682 classem
1464 1640 1690 1690 frumento,

83 1708 295 1763 stipendio
326 1708 557 1764 ceterisque
591 1709 715 1750 rebus
755 1723 830 1750 suo
863 1722 1054 1763 quaeque
1085 1705 1299 1747 navarcho
1333 1705 1487 1746 civitas
1527 1719 1693 1760 semper

84 1775 185 1815 darc
216 1773 387 1814 solebat.
449 1773 494 1814 Is
520 1788 658 1828 neque
682 1778 730 1814 ut
754 1778 1022 1814 accusaretur
1054 1787 1078 1813 a
1105 1770 1247 1812 nautis
1275 1768 1539 1810 committere
1564 1769 1690 1810 aude-

84 1840 169 1889 bat,
193 1844 236 1880 et
257 1838 418 1880 civibus
439 1838 524 1879 suis
544 1838 728 1879 rationes
748 1837 904 1879 referre
935 1837 1127 1885 debebat,
1151 1840 1193 1876 et
1213 1835 1259 1874 in
1281 1833 1397 1875 omni
1422 1833 1496 1874 illo
1517 1834 1691 1889 negotio

906 1948 1075 1985 trarctur,’
1092 1948 1180 1983 thus,
1207 1946 1374 1987 ‘precario
1399 1949 1510 1976 tamen
1536 1946 1690 1986 impetra·

907 1992 1021 2027 1·etur,'
1038 2002 1139 2021 seems
1155 2001 1173 2020 a
1190 1989 1343 2030 probuble
1361 1989 1559 2029 conjecture.
1602 1993 1609 2006 ‘
1624 1989 1690 2019 Im-

907 2034 1120 2076 pet1··.u·etur,’
1137 2044 1209 2073 says
1234 2033 1365 2072 Zumpt,
1383 2033 1408 2062 is
1425 2033 1474 2062 sor
1499 2037 1506 2049 ‘
1520 2035 1604 2063 esset
1629 2033 1689 2062 iln-

907 2077 1145 2118 petramla.’—‘
1156 2076 1301 2116 precario
1334 2099 1340 2106 .
1406 2099 1413 2106 .
1445 2075 1613 2114 rogandi?
1637 2086 1689 2106 see

910 2122 981 2152 Lib.
999 2123 1028 2151 2.
1045 2132 1072 2150 e.
1090 2120 1142 2155 36,
1164 2119 1228 2149 und
1252 2122 1286 2150 to
1311 2119 1368 2149 the
1391 2119 1573 2149 restrenees
1596 2118 1689 2149 thero

909 2165 973 2195 add
1000 2164 1110 2199 Guium,
1137 2163 1169 2192 ii.
1197 2163 1250 2198 Ge,
1277 2162 1333 2191 “si
1360 2172 1464 2202 neque
1496 2161 1688 2192 conduxerit

910 2218 979 2238 eam
998 2217 1065 2237 rem
1082 2217 1100 2236 u
1116 2205 1277 2235 creditore
1293 2205 1422 2235 debitor
1449 2215 1552 2244 neque
1578 2215 1688 2244 preeu-

127 1952 351 1994 denqqarent]
400 1952 534 1991 “Vulgo
547 1952 656 1982 editur
671 1951 754 1981 nihil
769 1950 862 1981 dene-

80 2000 212 2039 9arenl,
229 1997 364 2027 fortiore
388 1995 497 2031 verbo,
515 1995 571 2025 sed
586 1995 626 2025 ob
642 1995 725 2024 hanc
748 1994 861 2034 ipsum,

84 2042 208 2082 opinor,
247 2050 376 2070 causum
414 2039 521 2068 minus
554 2041 630 2078 apto
643 2038 663 2050 '³
703 2037 862 2076 (Zumpt).

85 2084 186 2115 Orelli
217 2084 365 2113 observes
400 2082 475 2112 that
506 2081 563 2112 the
599 2080 740 2120 copyists
775 2090 863 2110 more

84 2127 270 2168 frequently
293 2136 345 2156 err
371 2126 403 2155 in
427 2124 647 2163 substituting
671 2123 728 2154 the
751 2123 864 2162 simple

84 2171 134 2201 for
161 2171 218 2201 the
246 2168 437 2209 compound,
466 2168 546 2198 than
578 2167 634 2197 the
665 2166 760 2197 other
783 2176 864 2206 way.

86 2214 138 2244 He
165 2214 231 2244 also
255 2212 369 2243 thinks
397 2212 472 2242 that
498 2211 633 2240 ‘durent
652 2232 658 2240 .
677 2232 684 2240 .
702 2233 709 2239 .
727 2209 864 2246 denega-

85 2257 181 2288 rent'
208 2256 303 2286 make
328 2266 347 2285 a
371 2255 481 2285 better
508 2253 688 2293 opposition
716 2252 757 2292 by
784 2251 863 2282 both

84 2300 264 2340 beginning
281 2299 360 2329 with
378 2298 434 2328 the
451 2307 537 2327 same
550 2297 658 2330 letter,
670 2295 733 2325 and
744 2295 865 2333 having

85 2343 142 2374 the
172 2353 258 2373 same
289 2341 512 2372 termination.
572 2339 676 2369 There
714 2338 739 2368 is
774 2348 861 2367 some

85 2386 208 2425 weight
246 2386 279 2415 in
322 2385 389 2414 this
426 2382 621 2414 renmrk.—-‘
637 2382 839 2421 denegarent
852 2381 860 2393 '

84 2429 168 2460 dett.
187 2427 347 2469 (Iordnn),
365 2427 436 2457 who
452 2427 509 2456 hus
527 2430 533 2442 ‘
546 2424 726 2464 negarent?

129 2473 181 2502 23.
213 2473 330 2501 eontra
356 2470 439 2509 leffe-s·
451 2469 481 2509 ;]
529 2469 596 2498 The
627 2468 736 2498 better
766 2467 861 2497 MSS.

87 2515 115 2545 R
129 2517 148 2546 3
160 2520 181 2545 λ
197 2514 280 2544 have
298 2518 305 2530 ‘
317 2513 425 2553 leges,'
437 2523 470 2543 us
482 2512 602 2547 before,
619 2521 646 2541 e.
664 2512 715 2546 18,
732 2510 861 2550 though

85 2558 160 2598 only
191 2568 251 2587 one
283 2556 371 2586 ‘lex’
403 2556 429 2585 is
459 2557 580 2585 meunt.
640 2555 681 2584 So
711 2553 752 2584 hc
788 2564 861 2594 says

86 2600 257 2636 ‘foederass
288 2599 415 2639 though
445 2598 520 2638 only
551 2608 610 2627 one
642 2600 650 2613 ‘
663 2596 793 2628 foedus'
832 2596 858 2626 is

85 2647 206 2675 meant.

125 2686 280 2728 precario
299 2708 305 2715 .
324 2708 330 2715 .
348 2682 611 2725 impostor-elan]
658 2682 762 2713 There
778 2682 804 2712 is
819 2692 860 2712 no

87 2730 190 2761 doubt
200 2729 275 2760 that
293 2732 301 2745 ‘
312 2728 455 2768 precario
466 2727 474 2740 '
486 2737 545 2757 eun
558 2737 599 2766 go
612 2725 692 2756 with
706 2730 713 2743 ‘
724 2725 832 2766 rogari
841 2725 860 2761 ς’

87 2774 148 2804 but
171 2773 228 2804 the
252 2771 437 2811 conjecture
471 2770 508 2800 of
535 2769 704 2805 Graevius,
727 2768 804 2800 that
833 2768 861 2799 it

86 2817 113 2847 is
129 2818 188 2847 out
203 2815 240 2846 of
251 2814 350 2855 place,
367 2813 431 2845 aud
447 2812 562 2844 should
578 2822 620 2854 go
635 2811 716 2843 with
740 2815 749 2829 ‘
761 2811 860 2852 impc-

909 2251 957 2281 rio
970 2249 1135 2289 rogaverit
1152 2252 1189 2279 ut
1207 2259 1276 2280 eum
1289 2259 1356 2278 rem
1368 2248 1530 2287 possidere
1542 2247 1688 2278 liceret.’'

910 2293 1068 2324 (im-utoni
1084 2292 1218 2322 defends
1242 2291 1298 2322 the
1323 2291 1447 2331 passive
1474 2291 1568 2326 form,
1594 2295 1602 2307 ⁴
1617 2301 1688 2330 pre·

906 2337 994 2367 eurio
1011 2359 1018 2366 .
1036 2359 1043 2366 .
1061 2335 1220 2375 rogundi,’
1238 2335 1279 2374 by
1297 2334 1364 2364 this
1380 2334 1535 2373 example.
1559 2334 1689 2373 against

907 2379 1049 2415 Ernesti,
1075 2378 1148 2409 who
1174 2377 1315 2408 encloses
1347 2377 1534 2417 ‘precario'
1565 2377 1599 2407 in
1631 2376 1688 2407 the

905 2423 1102 2463 dumnutory
1132 2420 1183 2462 [].
1230 2422 1274 2451 As
1306 2419 1470 2461 ‘precario
1501 2430 1616 2459 rogare
1630 2419 1638 2432 '
1662 2420 1688 2450 is

907 2466 1018 2501 Latin,
1043 2465 1138 2496 there
1162 2474 1263 2494 seems
1290 2474 1332 2494 no
1357 2474 1469 2494 reason
1494 2463 1567 2504 why
1595 2468 1687 2503 ‘pre-

906 2509 992 2541 curio
1009 2532 1016 2539 .
1035 2531 1042 2538 .
1061 2531 1068 2538 .
1084 2507 1220 2548 rogandi
1232 2507 1240 2520 '
1257 2507 1284 2536 is
1300 2510 1369 2537 not.

949 2550 1098 2591 reddita]
1165 2550 1282 2590 ‘paid‚'
1329 2560 1363 2580 us
1403 2559 1421 2579 a
1459 2548 1548 2585 debt,
1592 2558 1626 2578 us
1668 2558 1688 2578 ιι

902 2595 985 2636 duty
1025 2593 1131 2625 which
1161 2593 1239 2634 they
1271 2593 1362 2623 owed
1392 2596 1426 2623 to
1464 2592 1521 2622 the
1559 2590 1686 2621 Roman

902 2641 999 2670 state.

948 2684 999 2712 24.
1023 2680 1170 2711 rationes
1199 2678 1338 2720 referre]
1387 2678 1507 2717 Zumpt
1531 2676 1589 2706 has
1613 2681 1620 2693 ⁴
1635 2687 1684 2706 ru-

905 2725 1009 2755 tiones
1018 2723 1126 2759 ferre,’
1138 2722 1203 2753 und
1215 2732 1287 2762 says
1300 2726 1320 2738 ‘⁸
1331 2720 1376 2750 sie
1390 2720 1511 2759 Regius
1521 2723 1555 2750 et
1566 2719 1684 2750 Gueltl'.

906 2767 1014 2809 Vulgo
1038 2767 1198 2799 rationem
1230 2763 1388 2805 ·1·qj'e¹·1·e.'’
1434 2763 1611 2793 ‘Rationes
1634 2772 1684 2793 re-

905 2811 1010 2845 ferre’
1034 2810 1060 2843 is
1083 2809 1140 2842 the
1156 2817 1304 2840 common
1328 2806 1512 2848 expression
1535 2806 1569 2836 in
1592 2805 1685 2836 these
