1849 3167
166 124 250 167 370
754 123 824 166 IN
855 123 900 166 G.
933 123 1189 166 VERREM

167 239 292 280 ades:
337 238 410 280 abs
440 242 483 280 te
508 237 721 294 judicium
761 238 1013 293 postulatur.
1078 237 1194 284 Quid
1223 237 1361 280 facis?
1404 239 1508 295 quid
1547 240 1773 283 decernis?

167 304 502 359 Recuperatores
532 304 637 346 dicis
667 309 710 345 te
741 305 953 345 daturum.
1035 303 1154 344 Bene
1185 304 1305 358 agis:
1338 306 1508 347 tametsi
1538 307 1611 362 qui
1641 307 1773 348 tantis

167 375 293 411 erunt
323 370 557 411 cervicibus
598 374 912 424 recuperatores
943 369 1017 424 qui
1049 370 1234 410 audeant
1277 369 1324 411 in
1364 372 1596 426 provincia,
1639 387 1773 428 quum

165 440 335 490 praetor
356 435 478 485 adsit,
501 450 587 476 non
609 435 745 476 solum
765 439 913 476 contra
933 434 1206 475 voluntatem
1238 435 1327 490 ejus
1360 437 1434 477 sed
1465 437 1594 479 etiam
1624 444 1772 479 contra

165 501 358 542 fortunas
375 501 568 557 judicare
586 501 605 542 Ρ
664 500 828 541 Verum
849 504 937 540 esto
954 515 962 540 ε
994 499 1222 540 manifesta
1243 515 1308 541 res
1330 505 1416 542 est:
1448 517 1572 544 nemo
1588 509 1650 544 est
1666 503 1772 558 quin

166 566 332 608 audisse
353 581 395 607 se
423 565 587 621 liquido
620 564 802 606 diceret:
834 565 1190 620 locupletissimus
1224 565 1401 621 quisque
1433 582 1481 608 ac
1513 569 1772 610 certissimus

165 632 286 673 testis
308 635 416 673 esset
435 647 443 672 :
476 646 600 671 nemo
622 635 712 671 erat
733 629 879 671 Sicilia
899 635 989 671 tota
1011 630 1116 685 quin
1145 630 1271 672 sciret
1303 632 1499 674 decumas
1531 649 1618 675 esse
1649 649 1770 688 prae-

164 698 291 748 toris3
324 712 449 738 nemo
470 696 575 750 quin
608 695 794 736 audisset
814 695 860 736 id
879 695 1123 750 Apronium
1152 695 1392 737 dictitasse:
1425 702 1641 752 praeterea
1671 713 1769 739 con·
1795 692 1799 695 ι

163 767 319 804 ventus
340 763 543 803 honestus
565 760 797 816 Syracusis,
820 760 948 801 multi
969 761 1131 816 equites
1153 761 1350 812 Romani,
1374 762 1458 804 viri
1489 763 1694 817 primarii,
1719 779 1773 804 ex

164 845 249 884 qua
280 829 399 884 copia
429 832 743 883 recuperatores
774 826 894 882 rejici
925 832 1139 882 oporteret
1169 827 1245 882 qui
1282 827 1406 868 aliter
1430 828 1622 883 judicare
1651 828 1772 869 nullo

163 895 288 936 modo
310 898 493 949 possent.
556 893 699 933 Instat
721 891 961 934 Scandilius
981 908 1152 948 poscere
1170 897 1496 948 recuperatores.
1557 893 1666 934 Tum
1691 893 1772 934 iste

161 960 288 1001 homo
318 960 522 1001 innocens
552 958 627 1014 qui
656 958 777 999 illam
798 958 1081 1013 suspicionem
1100 959 1242 1000 levare
1263 964 1391 1013 atque
1412 959 1465 999 ab
1486 973 1529 1000 se
1555 973 1772 1000 removere

163 1030 336 1080 cuperet
357 1030 672 1080 recuperatores
694 1023 798 1064 dicit
819 1039 862 1064 se
883 1024 935 1065 de
957 1024 1128 1065 cohorte
1149 1039 1224 1065 sua
1245 1025 1457 1065 daturum.

219 1092 313 1133 LX.
346 1092 430 1133 Pro
461 1093 588 1133 desim
617 1091 925 1145 hominumque
957 1091 1097 1141 fidem,
1131 1106 1259 1146 quem
1290 1106 1369 1146 ego
1400 1091 1582 1133 accuso?
1612 1089 1659 1130 in
1689 1104 1772 1145 quo

160 1172 298 1198 meam
321 1157 578 1198 industriam
606 1173 654 1198 ac
685 1156 958 1210 diligentiam
988 1157 1171 1211 spectari
1191 1157 1321 1198 volo?
1352 1156 1457 1211 quid
1477 1161 1539 1197 est
1560 1156 1673 1211 quod
1693 1170 1772 1210 ego

161 1222 340 1264 dicendo
363 1228 435 1264 aut
457 1223 684 1278 cogitando
706 1221 868 1263 efficere
890 1226 964 1263 aut
985 1221 1152 1277 assequi
1177 1223 1353 1263 debeam
1371 1222 1391 1263 Ρ
1451 1222 1602 1272 Teneo,
1634 1226 1771 1272 teneo,

161 1288 350 1343 inquam,
383 1288 429 1329 in
458 1288 610 1329 mediis
640 1287 923 1343 vectigalibus
952 1288 1102 1343 populi
1132 1287 1331 1338 Romani,
1354 1288 1401 1329 in
1429 1287 1532 1343 ipsis
1563 1287 1772 1328 fructibus

160 1353 406 1408 provinciae
427 1353 596 1395 Siciliae
618 1353 757 1394 furem
776 1353 1003 1394 manifesto
1025 1358 1290 1394 avertentem
1322 1369 1413 1394 rem
1445 1352 1772 1394 frumentariam

163 1434 345 1469 omnem,
377 1418 604 1473 pecuniam
632 1418 890 1460 maximam:
926 1423 1061 1468 teneo,
1094 1418 1284 1473 inquam,
1316 1418 1378 1459 ita
1408 1423 1457 1459 ut
1486 1433 1646 1473 negare
1684 1433 1771 1459 non

163 1485 308 1540 possit.
371 1485 482 1526 Nam
507 1484 611 1539 quid
631 1483 701 1524 hic
718 1484 864 1525 dicet?
924 1483 1102 1539 Sponsio
1124 1484 1236 1525 facta
1257 1489 1320 1525 est
1342 1499 1438 1525 cum
1459 1484 1677 1539 cognitore
1697 1488 1771 1525 tuo

160 1549 355 1604 Apronio
377 1550 428 1590 de
450 1549 634 1590 fortunis
656 1549 740 1590 tuis
762 1549 970 1599 omnibus,
992 1548 1039 1589 ni
1056 1549 1216 1590 socium
1235 1554 1278 1590 te
1299 1549 1381 1590 sibi
1400 1549 1446 1590 in
1468 1549 1656 1590 decumis
1683 1564 1771 1590 esse

161 1615 391 1656 dictitaret.
453 1615 718 1669 Exspectant
745 1630 890 1656 omnes
921 1619 1106 1669 quantae
1126 1614 1208 1655 tibi
1229 1630 1277 1655 ea
1298 1630 1364 1655 res
1386 1630 1511 1656 curae
1532 1615 1599 1665 sit,
1623 1630 1769 1670 quem-

161 1681 391 1722 admodum
411 1680 636 1721 hominum
657 1679 966 1721 existimationi
986 1685 1028 1721 te
1050 1685 1176 1735 atque
1197 1679 1489 1721 innocentiam
1521 1685 1641 1721 tuam
1672 1695 1769 1735 pro-

159 1746 254 1787 bari
293 1746 412 1787 velis.
479 1745 566 1786 Hic
597 1750 645 1786 tu
674 1745 888 1786 medicum
919 1750 961 1786 et
991 1744 1261 1800 haruspicem
1292 1749 1334 1786 et
1364 1759 1619 1799 praeconem
1649 1749 1772 1785 tuum

159 1817 475 1866 recuperatores
497 1811 630 1860 dabis,
654 1816 727 1851 aut
749 1810 878 1851 etiam
899 1810 1024 1851 illum
1044 1810 1185 1866 ipsum
1207 1826 1334 1866 quem
1354 1815 1403 1851 tu
1422 1810 1468 1851 in
1495 1810 1667 1851 cohorte
1697 1814 1771 1851 tua

161 1876 411 1918 Cassianum
446 1877 638 1933 judicem
677 1876 874 1926 habebas,
913 1876 949 1917 si
989 1891 1073 1932 qua
1112 1892 1179 1917 res
1214 1876 1351 1931 major
1387 1880 1508 1926 esset,
1546 1874 1770 1929 Papirium

159 1942 453 1992 Potamonem,
486 1942 702 1983 hominem
734 1957 928 1983 severum
958 1957 1012 1983 ex
1041 1947 1184 1983 vetere
1208 1942 1284 1983 illa
1305 1942 1490 1997 equestri
1510 1941 1770 1996 disciplina?

159 2008 399 2049 Scandilius
429 2008 643 2063 postulare
674 2008 726 2048 de
756 2012 970 2049 conventu
999 2013 1328 2063 recuperatores.
1391 2007 1500 2048 Tum
1529 2007 1610 2048 iste
1639 2012 1770 2062 negat

202 2098 308 2127 tantis·
325 2121 333 2128 .
351 2121 358 2128 .
375 2097 566 2138 cervicibus]
594 2097 694 2127 ‘with
710 2097 809 2127 necks
825 2099 941 2137 strong

158 2141 310 2180 enough.'
357 2141 425 2171 The
444 2141 627 2180 expression
650 2150 762 2170 occurs
786 2141 883 2181 again
906 2141 941 2170 in

159 2184 232 2213 Lib.
250 2185 278 2214 5.
297 2194 323 2213 c.
341 2185 401 2220 42;
426 2184 490 2214 and
506 2184 570 2214 Pro
588 2184 702 2219 Sestio,
721 2194 747 2213 c.
764 2185 817 2214 41.

203 2227 492 2267 lomcpletissinzus]
555 2227 632 2256 This
662 2227 753 2256 word
782 2227 809 2257 is
839 2237 940 2257 some-

158 2270 255 2300 times
271 2270 399 2309 applied
414 2272 449 2300 to
472 2274 480 2286 ‘
491 2272 591 2300 testes
601 2270 610 2282 ³
632 2269 697 2299 and
714 2273 722 2286 ‘
733 2270 938 2310 cognitores,¹

159 2323 193 2343 as
224 2323 266 2342 an
296 2313 494 2343 honourable
524 2313 662 2352 epithet.
722 2312 835 2343 Cicero
868 2323 940 2353 says

160 2355 283 2396 (Topic.
301 2366 327 2385 c.
345 2356 377 2395 2)
393 2368 399 2384 :
422 2359 443 2372 “
453 2366 553 2395 quum
569 2356 619 2385 lex
636 2355 763 2385 assiduo
778 2356 940 2386 vindicem

159 2399 324 2429 assiduum
341 2408 407 2428 csse
418 2398 545 2438 jubeat,
561 2398 756 2438 locupletem
774 2399 872 2438 jubet
894 2399 939 2428 lo-

159 2441 300 2482 cupleti:
324 2441 465 2481 locuples
481 2441 567 2471 enim
583 2444 633 2471 est
656 2441 813 2477 assiduus,
830 2443 869 2471 ut
892 2441 940 2471 ait

158 2485 279 2520 Aelius,
297 2484 478 2524 appellatus
494 2484 533 2514 ab
550 2494 618 2514 asse
633 2484 773 2513 dando.’'
816 2488 825 2500 ‘
835 2484 939 2514 Locu-

158 2528 225 2568 ples
236 2528 244 2540 ’
266 2528 324 2557 has
340 2527 548 2567 accordingly
565 2538 583 2557 a
599 2527 817 2566 signification
833 2527 939 2557 which

158 2571 283 2611 implies
307 2581 393 2601 some
413 2581 524 2600 means
550 2580 586 2600 or
610 2569 748 2606 wealth;
780 2570 887 2600 which
913 2570 939 2599 is

158 2625 247 2645 more
278 2614 397 2654 clearly
428 2614 539 2643 shown
568 2613 611 2653 by
642 2613 780 2642 another
806 2623 939 2652 passage

160 2658 267 2698 (Orat.
293 2657 384 2687 Part.
409 2667 436 2687 c.
460 2657 536 2697 34):
562 2658 692 2695 “atque
716 2656 815 2685 etiam
839 2656 864 2685 si
883 2657 938 2686 ob-

157 2701 243 2731 scuri
260 2702 360 2731 testes
372 2702 470 2730 erunt
486 2703 544 2730 aut
554 2701 679 2735 tenueS,
690 2698 862 2728 dicendum
875 2699 938 2729 erit

157 2754 221 2773 non
238 2754 304 2774 esse
320 2754 357 2773 cx
373 2744 507 2773 fortuna
521 2743 619 2773 fidem
634 2742 887 2782 ponderandam,
905 2744 938 2772 et

157 2797 209 2816 eos
226 2797 292 2817 csse
308 2787 462 2826 cujusque
478 2785 745 2826 locupletissimos
765 2787 866 2815 testes
882 2785 937 2825 qui

156 2829 191 2859 id
213 2829 253 2859 de
276 2839 338 2869 quo
362 2832 481 2869 agatur
503 2829 655 2860 facillime
678 2828 758 2858 scire
780 2828 938 2868 possint.”

158 2872 216 2903 See
233 2872 299 2904 also
315 2872 381 2903 Cic.
405 2873 453 2903 De
477 2873 525 2903 Re
543 2872 625 2903 Pub.
641 2871 674 2903 ii.
691 2872 732 2902 22
748 2883 754 2902 :
780 2873 850 2902 “ut
872 2871 937 2906 suf-

985 2097 1092 2137 fragia
1122 2107 1187 2127 non
1217 2097 1252 2127 in
1281 2096 1506 2127 multitudinis
1537 2096 1593 2127 sed
1621 2096 1657 2126 in
1681 2096 1769 2126 locu-

985 2141 1124 2180 pletium
1154 2142 1319 2180 potestate
1349 2140 1490 2170 essent.”
1536 2139 1648 2179 Comp.
1673 2139 1768 2169 Verr.

986 2183 1059 2214 Lib.
1076 2186 1106 2214 2.
1123 2194 1150 2213 c.
1164 2184 1216 2220 55,
1235 2182 1508 2223 “locupletissimi
1524 2183 1679 2223 cujusque
1696 2192 1768 2212 cen-

985 2237 1056 2256 sum
1088 2228 1316 2262 extenuarant,
1348 2225 1530 2256 tenuissimi
1565 2227 1725 2255 auxerant
1734 2225 1768 2262 ;'’

985 2270 1050 2300 and
1066 2269 1130 2299 Pro
1147 2269 1273 2305 Flacco,
1291 2279 1317 2299 c.
1335 2268 1386 2300 17.

1029 2313 1084 2351 qui
1110 2311 1227 2352 aliter]
1256 2322 1366 2342 means
1389 2312 1465 2342 that
1488 2311 1568 2352 they
1591 2310 1687 2341 could
1708 2312 1768 2341 not

985 2355 1096 2385 decide
1112 2355 1299 2395 differently
1309 2355 1392 2384 from
1402 2355 1491 2385 what
1504 2365 1568 2384 was
1585 2354 1768 2394 commonly

985 2398 1138 2437 reported
1161 2398 1225 2427 and
1248 2397 1377 2434 known,
1401 2398 1571 2428 ‘decumas
1593 2407 1659 2428 esse
1675 2407 1767 2437 prae-

984 2440 1143 2471 toral-¹
1154 2440 1267 2480 rejici‚'
1297 2451 1332 2471 as
1362 2441 1531 2481 explained
1561 2441 1595 2471 in
1629 2440 1768 2471 another

984 2484 1085 2524 place,
1102 2483 1129 2513 is
1145 2483 1220 2514 here
1237 2484 1423 2523 equivalent
1439 2486 1475 2514 to
1492 2484 1674 2514 ‘selected’

1028 2527 1081 2557 60.
1098 2526 1310 2567 avertentem]
1338 2527 1592 2564 ‘Avcrrentem,’
1604 2527 1661 2558 the
1674 2526 1766 2557 read-

984 2570 1041 2610 ing
1057 2570 1094 2599 of
1105 2570 1148 2605 N,
1166 2571 1230 2600 and
1246 2581 1265 2600 a
1280 2571 1343 2600 bad
1359 2571 1505 2611 reading.

1027 2613 1208 2654 coynifore]
1235 2613 1287 2643 He
1301 2614 1377 2644 calls
1389 2614 1551 2654 Apronius
1563 2613 1621 2644 the
1638 2616 1647 2629 ‘
1657 2612 1766 2652 cogni-

983 2658 1036 2686 tor
1046 2656 1055 2669 ’
1072 2657 1109 2686 of
1121 2656 1248 2692 Verres,
1262 2657 1389 2697 though
1402 2657 1442 2687 he
1455 2668 1519 2687 was
1531 2658 1590 2687 not
1606 2656 1706 2696 really
1716 2655 1767 2685 his

984 2703 992 2716 ‘
1004 2699 1176 2739 cognitor?
1222 2700 1291 2731 But
1307 2700 1335 2730 it
1351 2701 1377 2730 is
1393 2711 1411 2730 a
1428 2711 1498 2741 way
1511 2700 1547 2730 of
1559 2700 1674 2739 saying
1690 2699 1766 2729 that

983 2742 1101 2773 Verres
1117 2753 1182 2773 was
1197 2743 1254 2774 the
1269 2743 1440 2784 principal,
1453 2743 1518 2774 and
1527 2743 1690 2783 Apronius
1700 2752 1765 2772 was

983 2785 1033 2816 his
1050 2788 1160 2825 agent.

1031 2829 1224 2861 Cassianzcsnz
1231 2828 1396 2871 judicem]
1445 2829 1504 2860 See
1520 2839 1547 2860 c.
1563 2829 1616 2860 62.
