1849 3167
493 141 620 184 ACT.
654 141 717 183 II.
749 139 938 183 LIBER
967 139 1233 182 TERTIUS.
1587 144 1669 185 359

64 255 325 310 cogebantur
355 255 479 306 dare;
511 256 586 312 qui
614 255 853 305 minimum,
879 254 1070 311 singulos
1100 270 1308 296 nummos.
1370 254 1602 298 Minimum
1623 263 1672 299 ut

66 337 304 376 sequamur,
338 321 541 376 quoniam
565 323 622 363 ff
648 322 757 363 med.
788 320 1000 370 duximus,
1029 321 1232 362 accedant
1256 335 1303 361 eo
1330 335 1440 362 novo
1470 322 1669 376 pessimo-

64 402 147 442 que
168 386 362 441 exemplo
383 386 459 428 HS
480 401 534 428 xc
553 387 701 428 millia.
762 387 849 428 Hic
869 386 978 427 mihi
998 386 1128 428 etiam
1151 385 1291 427 dicere
1312 387 1484 428 audebit
1513 403 1670 442 magno

65 468 108 493 se
148 453 345 493 decumas
377 453 630 501 vendidisse,
668 468 800 508 quum
835 467 889 493 ex
921 452 1066 493 eodem
1107 466 1210 507 agro
1246 451 1423 492 dimidio
1455 452 1544 506 ipse
1575 453 1671 507 plus

64 517 288 559 abstulerit
327 533 455 572 quam
493 518 649 573 populo
688 518 882 559 Romano
920 517 1118 559 miserit?
1163 530 1293 557 CCXVI
1335 516 1431 572 agri
1470 517 1672 559 Leontini

65 584 261 624 decumas
282 583 538 624 vendidisti:
571 583 607 624 si
628 599 681 624 ex
707 583 816 638 lege,
844 598 1026 638 magno3
1059 583 1094 624 si
1121 587 1169 623 ut
1192 582 1264 624 lex
1288 588 1395 623 esset
1421 582 1554 624 libido
1581 588 1668 633 tua,

64 663 221 703 parvo3
254 649 290 690 si
314 654 361 690 ut
386 664 493 704 quae
518 649 719 690 dimidiae
744 653 883 690 essent
904 649 1105 689 decumae
1125 654 1390 697 vocarentur,
1413 663 1546 703 parvo
1566 663 1669 689 ven-

64 714 237 755 didisti:
269 714 405 756 multo
426 715 542 756 enim
561 714 696 770 pluris
717 714 880 755 fructus
909 714 1041 755 annui
1062 713 1231 755 Siciliae
1251 713 1397 754 venire
1424 718 1668 768 potuerunt,

63 779 100 821 si
129 780 175 821 id
205 784 247 821 te
283 786 453 822 senatus
488 786 561 822 aut
595 780 776 835 populus
805 779 1025 821 Romanus
1054 779 1191 820 facere
1220 778 1435 820 voluisset.
1496 779 1670 820 Etenim

63 860 185 900 saepe
224 846 424 887 decumae
463 845 576 887 tanti
610 846 849 895 venierunt,
887 861 1020 901 quum
1051 845 1147 899 lege
1187 844 1420 885 Hieronica
1455 844 1666 894 venirent,

63 910 214 965 quanti
234 926 348 952 nunc
368 911 464 966 lege
479 911 632 953 Verria
653 911 891 952 venierunt.
935 910 1047 952 Cedo
1068 909 1177 950 mihi
1199 909 1244 950 C.
1260 909 1453 951 Norbani
1473 910 1670 951 decumas

62 976 270 1017 venditas.
345 991 378 1018 c.
411 991 610 1018 NORBANI
640 990 849 1018 DECVMAE
885 990 1110 1017 VENDITAE
1145 989 1254 1016 AGRI
1290 989 1515 1016 LEONTINI.
1587 975 1668 1016 At-

63 1041 138 1096 qui
170 1048 264 1083 tum
295 1057 432 1097 neque
460 1042 669 1098 judicium
703 1042 755 1083 de
787 1042 912 1083 modo
939 1042 1143 1097 jugerum
1175 1041 1367 1089 dabatur,
1402 1055 1539 1095 neque
1579 1046 1670 1082 erat

63 1107 361 1148 Artemidorus
392 1107 612 1149 Cornelius
643 1112 924 1162 recuperator,
956 1122 1093 1161 neque
1124 1106 1176 1147 ab
1204 1111 1369 1146 aratore
1393 1106 1670 1161 magistratus

64 1172 229 1214 Siculus
260 1177 430 1213 tantum
457 1173 657 1227 exigebat
681 1178 890 1228 quantum
913 1173 1170 1213 decumanus
1195 1171 1410 1221 ediderat;
1441 1186 1519 1212 nec
1543 1172 1670 1212 bene-

62 1237 208 1278 ficium
242 1238 465 1292 petebatur
498 1239 551 1279 ab
583 1238 815 1279 decumano
846 1243 895 1279 ut
934 1237 980 1278 in
1015 1237 1171 1293 jugera
1203 1236 1373 1291 singula
1413 1236 1547 1277 ternis
1581 1252 1668 1278 me-

63 1302 221 1343 dimnis
256 1302 449 1343 decidere
483 1302 656 1353 liceret3
697 1318 775 1344 nec
814 1317 1088 1343 nummorum
1128 1301 1407 1342 accessionem
1441 1302 1671 1357 cogebatur

62 1372 204 1409 arator
225 1368 325 1409 dare
345 1383 424 1410 nec
449 1373 590 1409 ternas
617 1368 992 1424 quinquagesimas
1017 1366 1223 1408 frumenti
1247 1367 1425 1408 addere:
1458 1372 1500 1408 et
1526 1372 1671 1409 tamen

61 1433 217 1488 populo
248 1433 441 1475 Romano
471 1449 654 1489 magnus
685 1434 891 1475 frumenti
921 1448 1122 1475 numerus
1146 1432 1410 1473 mittebatur.
1471 1432 1521 1473 L.
1556 1432 1671 1479 Quid

61 1513 162 1539 vero
182 1499 289 1540 istae
310 1499 391 1540 sibi
411 1499 802 1555 quinquagesimae,
825 1499 930 1555 quid
958 1514 1083 1554 porro
1113 1513 1385 1540 nummorum
1416 1498 1671 1540 accessiones

62 1563 250 1607 volunt?
299 1580 382 1620 quo
422 1565 468 1606 id
503 1566 600 1622 jure
640 1570 768 1621 atque
809 1566 912 1607 adeo
953 1580 1035 1620 quo
1076 1564 1120 1605 id
1160 1564 1301 1620 potius
1340 1579 1458 1605 more
1498 1564 1671 1606 fecisti?

62 1628 271 1671 Nummos
293 1630 420 1672 dabat
450 1636 603 1672 arator.
667 1630 921 1677 Quomodo?
952 1636 1026 1672 aut
1054 1631 1168 1671 unde
1186 1630 1206 1671 ?
1236 1630 1311 1685 qui
1340 1630 1376 1671 si
1404 1630 1670 1684 largissimus

63 1709 152 1735 esse
172 1694 313 1744 vellet,
337 1695 614 1737 cumulatiore
634 1711 833 1738 mensura
862 1700 1065 1746 uteretur,
1088 1701 1137 1737 ut
1167 1700 1292 1737 antea
1322 1695 1512 1736 solebant
1533 1695 1670 1736 facere

63 1761 109 1801 in
131 1760 330 1809 decumis,
354 1775 485 1815 quum
507 1776 640 1815 aequa
659 1761 754 1816 lege
775 1766 817 1802 et
837 1761 1078 1802 conditione
1098 1761 1315 1802 venibant.
1377 1760 1422 1801 Is
1446 1775 1669 1801 nummum

65 1826 205 1867 (labat.
279 1824 441 1867 Unde?
481 1826 533 1866 de
569 1826 817 1867 frumento?
856 1826 977 1881 quasi
1011 1825 1227 1867 habuisset
1257 1830 1299 1866 te
1334 1831 1526 1879 praetore
1557 1826 1671 1881 quod

64 1891 279 1932 venderet.
341 1890 405 1932 De
433 1890 530 1932 vivo
559 1891 695 1946 igitur
725 1891 888 1946 aliquid
917 1896 1008 1932 erat
1037 1891 1313 1932 resecandum
1342 1895 1390 1930 ut
1420 1895 1527 1931 esset
1556 1891 1669 1932 unde

64 1955 258 2012 Apronio
290 1956 345 1997 ad
375 1955 470 1997 illos
506 1955 667 1997 fructus
704 1956 943 1998 arationum
975 1956 1053 1998 hoc
1089 1955 1359 1997 corollarium
1398 1971 1668 1997 nummorum

67 2105 195 2145 condly,
212 2104 270 2135 the
286 2103 496 2134 distributive
513 2103 623 2133 ‘binos
634 2103 642 2116 ’
667 2103 782 2133 should
805 2103 846 2134 be

67 2148 147 2179 used
162 2148 243 2178 with
262 2151 271 2164 ‘
283 2147 411 2187 singula
424 2147 444 2183 ς’
469 2150 503 2177 at
519 2147 611 2182 least,
637 2147 713 2177 that
738 2147 763 2176 is
787 2147 844 2177 the

67 2202 167 2231 usage
183 2191 221 2221 of
232 2190 355 2225 Cicero,
377 2191 388 2220 l
407 2190 539 2221 believe.
586 2190 599 2220 1
618 2190 699 2220 have
716 2190 846 2220 notieed

67 2245 128 2265 one
154 2235 301 2265 instance
319 2234 405 2273 (Lib.
422 2235 452 2264 2.
469 2245 496 2263 c.
521 2233 588 2273 55),
606 2233 722 2268 where,
739 2244 773 2263 as
789 2233 846 2263 the

68 2280 141 2308 text
157 2277 280 2313 stands,
297 2277 363 2307 this
380 2277 405 2306 is
421 2280 479 2307 not
496 2277 552 2306 the
565 2287 646 2307 ease.
694 2276 754 2316 Lg.
768 2278 809 2306 42
823 2283 846 2315 φ

69 2321 151 2352 have
169 2324 177 2339 ‘
192 2320 249 2350 HS
265 2321 357 2350 binos
372 2320 470 2350 multi
494 2320 550 2349 Hs
570 2319 713 2357 singulos
729 2319 845 2356 smmis:

68 2364 130 2394 but
158 2369 182 2402 φ
208 2363 267 2394 has
292 2368 301 2380 ‘
313 2366 347 2394 et
363 2363 496 2393 smniss?
531 2363 551 2392 i.
563 2372 590 2393 e.
609 2367 616 2379 ‘
629 2366 662 2393 et
679 2363 845 2393 seiiiissesss

70 2407 191 2446 Zumpt
221 2417 304 2447 says,
338 2410 357 2423 “
370 2406 451 2437 solet
481 2407 578 2436 semis
616 2406 847 2442 numeralibus,

69 2450 138 2480 sine
155 2449 383 2489 conjunctione
400 2449 560 2489 postponi,
574 2449 846 2488 quemadmodum

69 2492 324 2532 significavimus
340 2493 373 2522 in
391 2493 536 2522 Graium.
557 2492 572 2532 ξ
590 2492 666 2524 87.”
705 2496 713 2509 ‘
725 2492 846 2523 Semis’

69 2536 96 2567 is
112 2535 338 2566 indeclinuble.

114 2580 166 2610 50.
192 2579 243 2608 De
259 2579 330 2609 viro
356 2577 430 2618 cie]
478 2578 546 2608 The
574 2578 727 2609 ‘arator'
751 2579 846 2610 could

70 2624 129 2652 not
145 2621 240 2652 make
257 2632 274 2651 ιι
291 2624 421 2661 present
437 2624 496 2651 out
511 2621 549 2651 of
565 2621 621 2652 the
638 2632 715 2651 corn
739 2622 845 2653 which

70 2676 136 2695 was
158 2665 218 2695 left
242 2665 328 2694 after
351 2664 391 2694 he
414 2664 479 2694 had
505 2664 580 2704 puid
604 2664 654 2694 his
673 2664 843 2706 (nominul)

71 2712 79 2725 ‘
91 2707 267 2743 deeumae‚'
281 2707 330 2737 for
342 2707 382 2737 he
394 2707 457 2737 had
469 2707 608 2746 nothing
618 2708 688 2738 left.
721 2709 844 2740 ‘Some-

69 2751 168 2790 thing
183 2753 272 2781 must
288 2750 327 2780 be
344 2750 461 2781 eurved
485 2754 542 2780 out
567 2751 604 2781 of
625 2751 682 2781 the
697 2761 774 2792 very
791 2752 846 2783 life

70 2795 108 2825 of
118 2794 196 2829 him,
214 2794 247 2824 in
263 2793 358 2823 order
374 2796 409 2823 to
425 2793 538 2824 enable
563 2793 630 2824 him
656 2797 691 2825 to
715 2794 810 2826 make
826 2806 844 2826 ιι

69 2840 201 2877 present
224 2839 260 2867 to
283 2837 456 2876 Apronius,
483 2836 568 2867 ustor
591 2837 705 2876 giving·
728 2848 772 2878 up
794 2839 845 2869 his

70 2880 234 2921 produce)
288 2880 392 2910 There
418 2880 444 2909 is
468 2890 488 2910 a
511 2890 567 2911 use
597 2881 633 2911 of
660 2885 668 2897 ‘
682 2882 843 2913 resecare-³

890 2103 967 2134 nkin
991 2105 1027 2134 to
1048 2103 1115 2134 this
1140 2103 1172 2133 in
1195 2102 1318 2138 Cicero,
1345 2102 1394 2133 De
1419 2103 1552 2134 Amicit.
1576 2114 1604 2134 c.
1628 2104 1668 2135 5:

892 2150 912 2164 “
925 2147 979 2177 sed
996 2147 1056 2177 hoe
1073 2147 1214 2187 primum
1232 2146 1337 2176 sentio
1354 2146 1414 2176 nisi
1432 2147 1464 2176 in
1481 2147 1573 2177 bonis
1589 2148 1668 2177 ami—

891 2190 1002 2221 citiam
1019 2200 1085 2221 esse
1102 2200 1165 2220 non
1181 2200 1272 2230 posse
1285 2203 1293 2226 ;
1317 2200 1421 2229 neque
1437 2190 1470 2220 id
1493 2190 1534 2221 ad
1557 2191 1667 2221 virum

891 2244 1009 2267 reseco,
1028 2236 1066 2264 ut
1082 2233 1127 2263 illi
1145 2233 1200 2273 qui
1218 2233 1296 2263 haec
1307 2233 1459 2263 subtilius
1469 2234 1668 2269 disserunt,’'

891 2277 947 2307 ἆυ.
994 2277 1115 2317 Zumpt
1131 2287 1298 2316 compares
1325 2276 1448 2313 Cin-ero,
1475 2277 1537 2307 Pro
1563 2277 1667 2308 Flncc.

891 2331 918 2350 c.
947 2320 999 2356 37,
1025 2324 1034 2337 ‘
1048 2320 1105 2351 dut
1133 2320 1172 2350 de
1203 2320 1304 2357 lucro,
1336 2320 1418 2350 nihil
1449 2320 1596 2352 detrahit
1628 2321 1667 2351 de

891 2363 986 2393 vivo.'

936 2407 1014 2437 This
1029 2407 1211 2448 expression
1223 2406 1343 2437 ismost
1359 2409 1417 2447 apt
1431 2419 1437 2442 ;
1462 2407 1521 2443 for,
1539 2410 1574 2438 to
1590 2407 1667 2438 take

892 2450 976 2480 srom
993 2460 1011 2480 ιι
1028 2460 1102 2480 ιιιιιιι
1120 2461 1139 2480 ιι
1155 2450 1244 2489 large
1260 2453 1335 2490 part
1351 2451 1388 2480 of
1399 2450 1449 2480 his
1465 2451 1617 2490 eurnings
1633 2462 1667 2481 as

891 2503 967 2523 soon
987 2503 1021 2523 as
1038 2493 1078 2524 lie
1093 2493 1151 2524 hus
1166 2497 1225 2533 got
1241 2493 1343 2527 them.
1368 2498 1440 2524 cuis
1457 2497 1492 2524 to
1508 2494 1565 2525 the
1589 2505 1665 2534 very

891 2536 946 2567 life
962 2536 998 2566 of
1009 2547 1027 2566 ιι
1044 2537 1165 2577 people,
1182 2536 1257 2573 und,
1275 2537 1308 2567 in
1325 2537 1381 2567 the
1397 2537 1470 2573 end,
1488 2537 1606 2568 cheeks
1619 2538 1666 2567 in-

891 2579 1018 2620 dus-try.

933 2622 1164 2664 corollarium]
1199 2623 1296 2654 From
1314 2627 1322 2640 ‘
1333 2623 1474 2659 corolln,’
1490 2635 1508 2655 ιι
1525 2623 1665 2654 diminu-

890 2666 957 2697 tive
973 2666 1010 2696 of
1023 2670 1030 2683 ‘
1042 2667 1180 2700 eorona.'
1201 2667 1294 2698 there
1313 2667 1338 2697 is
1364 2667 1488 2697 formed
1514 2672 1521 2684 ‘
1533 2667 1665 2697 corolla-

891 2709 999 2745 rium,'
1016 2710 1122 2740 which
1140 2710 1234 2750 Pliny
1251 2710 1372 2741 ‹letines
1389 2710 1473 2741 tobe
1483 2710 1575 2740 small
1593 2715 1600 2727 ‘
1614 2721 1665 2740 eo—

891 2753 1010 2789 1·onae,’
1027 2753 1121 2783 made
1137 2754 1174 2783 of
1185 2753 1258 2784 thin
1276 2754 1379 2793 platos
1394 2754 1432 2783 ot*
1451 2764 1578 2794 eopper,
1602 2754 1662 2792 gilt

888 2806 925 2827 or
947 2796 1096 2827 silvei-ed.
1144 2796 1232 2827 Here
1256 2797 1280 2827 it
1306 2797 1448 2836 §ignitius
1479 2797 1665 2835 something

888 2839 984 2878 given
1009 2842 1045 2870 to
1068 2850 1085 2870 a
1110 2850 1185 2870 unm
1209 2850 1286 2870 orer
1308 2840 1384 2871 that
1407 2840 1514 2871 which
1539 2840 1565 2870 is
1591 2840 1664 2870 due.

889 2882 1001 2923 Comp.
1019 2882 1090 2913 Lib.
1108 2884 1137 2913 i.
1155 2894 1182 2914 c.
1200 2884 1252 2914 22.
