1849 3167
120 180 203 222 156
696 175 765 219 IN
796 175 841 218 O.
873 174 1127 219 VERREM

113 309 196 350 qua
232 292 278 334 in
308 292 402 349 lege
435 306 635 333 numerus
666 295 835 332 tantum
866 289 1157 331 columnarum
1187 287 1382 339 traditur,
1415 288 1705 344 perpendiculi

112 358 272 400 mentio
293 358 342 399 fit
368 357 498 408 nulla,
521 362 562 398 et
588 357 661 412 qui
691 372 776 398 non
806 359 972 411 putaret
1003 354 1083 395 sibi
1113 353 1310 408 expedire
1339 354 1399 395 ita
1429 355 1628 409 accipere,
1651 370 1705 396 ne

112 425 259 466 eodem
278 423 399 464 modo
421 424 680 464 reddendum
700 426 818 470 esset,
841 425 969 474 negat
990 419 1035 460 id
1062 419 1142 459 sibi
1167 419 1333 469 deberi;
1365 425 1493 475 negat
1514 426 1705 474 oportere

113 490 241 545 exigi.
302 489 391 530 Iste
412 488 651 530 Rabonium
671 487 881 542 quiescere
898 485 1031 540 jubet,
1055 490 1097 525 et
1117 484 1242 525 simul
1263 485 1301 526 ei
1321 485 1568 526 nonnullam
1589 500 1706 540 spem

113 554 322 597 societatis
338 553 520 595 ostendit
537 568 544 593 :
568 552 782 593 hominem
802 550 1038 591 modestum
1059 555 1100 590 et
1121 549 1296 591 minime
1308 550 1565 604 pertinacem
1581 549 1704 590 facile

112 625 296 662 coercet:
319 619 533 661 columnas
554 617 614 658 ita
635 632 676 657 se
698 620 945 657 exacturum
961 630 1047 656 esse
1063 614 1296 656 confirmat.
1356 614 1478 656 Nova
1494 630 1558 656 res
1579 620 1704 669 atque

112 685 340 741 improvisa
379 682 531 739 pupilli
571 681 786 724 calamitas
825 680 1049 721 nuntiatur
1088 679 1234 721 statim
1269 679 1314 721 C.
1352 679 1522 730 Mustio,
1553 680 1704 721 vitrico
1723 722 1726 725 ,

110 750 276 806 pupilli,
300 749 373 805 qui
402 763 536 803 nuper
564 752 625 788 est
654 751 856 795 mortuus,
880 746 940 786 M.
964 745 992 786 J
994 745 1094 787 unio
1113 750 1276 800 patruo,
1299 745 1348 786 P.
1371 745 1529 787 Potitio
1559 745 1702 795 tutori,

111 815 275 857 homini
304 813 600 869 frugalissimo.
660 811 722 852 Hi
751 827 841 852 rem
871 811 925 851 ad
944 810 1085 852 virum
1104 810 1365 865 primarium,
1389 826 1550 852 summo
1570 809 1704 852 officio
1726 839 1731 845 -

111 897 159 923 ac
190 881 347 922 virtute
376 878 626 934 praeditum,
657 877 716 917 M.
740 876 1003 926 Marcellum,
1036 876 1110 931 qui
1139 880 1229 917 erat
1259 875 1412 931 pupilli
1441 880 1567 925 tutor,
1591 875 1702 916 defe—
1733 904 1737 908 -

111 951 222 988 runt.
284 945 416 986 Venit
447 944 500 985 ad
529 943 708 984 Verrem
738 942 798 983 M.
831 941 1081 983 Marcellus:
1117 941 1225 996 petit
1254 942 1307 982 ab
1337 956 1385 982 eo
1413 956 1489 996 pro
1519 955 1592 981 sua
1622 940 1704 981 fide

110 1027 158 1053 ac
183 1011 405 1066 diligentia
434 1009 625 1064 pluribus
655 1007 807 1056 verbis,
838 1022 893 1048 ne
922 1022 997 1062 per
1027 1021 1235 1048 summam
1263 1006 1465 1062 injuriam
1493 1005 1705 1060 pupillum

109 1077 289 1119 Junium
309 1075 488 1117 fortunis
514 1073 663 1130 patriis
683 1077 858 1114 conetur
879 1076 1078 1113 evertere.
1139 1071 1227 1113 Iste
1257 1071 1331 1127 qui
1355 1071 1447 1127 jam
1476 1085 1548 1125 spe
1578 1076 1705 1125 atque

109 1142 304 1198 opinione
333 1140 533 1196 praedam
562 1139 680 1180 illam
709 1137 958 1186 devorasset,
981 1153 1117 1193 neque
1146 1137 1233 1178 ulla
1263 1136 1474 1191 aequitate
1504 1135 1705 1177 orationis

108 1223 245 1263 neque
275 1206 523 1248 auctoritate
548 1204 607 1245 M.
631 1203 826 1244 Marcelli
855 1208 1086 1244 commotus
1117 1208 1190 1243 est.
1251 1201 1404 1257 Itaque
1434 1201 1702 1257 quemadmo-

108 1274 211 1314 dum
231 1271 478 1314 ostendisset
499 1285 541 1311 se
562 1270 607 1310 id
627 1273 875 1310 exacturum
895 1283 981 1309 esse
1002 1268 1230 1323 respondit.
1292 1267 1434 1313 Quum
1461 1266 1541 1308 sibi
1561 1281 1704 1307 omnes

108 1339 162 1380 ad
182 1338 311 1380 istum
331 1335 603 1391 allegationes
624 1333 825 1384 difficiles,
849 1348 991 1375 omnes
1015 1333 1153 1374 aditus
1174 1333 1323 1373 arduos
1345 1347 1391 1373 ac
1412 1331 1551 1387 potius
1571 1331 1702 1372 inter-

107 1404 242 1445 clusos
258 1403 462 1451 viderent,
482 1401 594 1456 apud
614 1415 740 1454 quem
759 1414 846 1440 non
861 1398 944 1454 jus,
967 1413 1053 1439 non
1074 1398 1273 1453 aequitas,
1296 1412 1382 1439 non
1401 1396 1701 1446 misericordia,

106 1484 192 1511 non
212 1467 439 1524 propinqui
460 1465 605 1514 oratio,
628 1480 713 1505 non
734 1464 859 1505 amici
874 1463 1081 1513 voluntas,
1104 1478 1190 1504 non
1210 1463 1456 1518 cujusquam
1477 1462 1703 1503 auctoritas

111 1534 208 1590 [pro
228 1532 399 1589 pretio,]
424 1547 510 1572 non
532 1530 669 1586 gratia
684 1529 856 1578 valeret,
874 1533 1066 1569 statuunt
1087 1528 1132 1568 id
1152 1528 1232 1569 sibi
1244 1527 1451 1582 optimum
1465 1542 1552 1568 esse
1573 1526 1701 1577 factu,

106 1599 218 1655 quod
246 1598 378 1640 cuivis
399 1597 582 1639 venisset
609 1596 655 1636 in
682 1599 880 1643 mentem,
902 1598 1044 1648 petere
1071 1593 1278 1634 auxilium
1298 1608 1322 1633 a
1343 1591 1574 1633 Chelidone
1594 1607 1701 1647 quae

105 1665 186 1706 isto
205 1669 396 1719 praetore
418 1677 503 1704 non
524 1661 646 1703 modo
662 1661 707 1701 in
724 1660 821 1716 jure
838 1659 954 1700 civili
974 1659 1318 1714 privatorumque
1339 1657 1526 1699 omnium
1540 1663 1705 1698 contro-

105 1730 253 1772 versiis
273 1728 426 1785 populo
447 1728 639 1770 Romano
659 1725 855 1782 praefuit,
879 1740 1027 1766 verum
1047 1725 1176 1765 etiam
1195 1723 1242 1764 in
1261 1722 1328 1764 his
1349 1722 1472 1763 sartis
1499 1722 1704 1777 tectisque

105 1796 323 1837 dominata
344 1798 418 1835 est.

162 1860 263 1901 LII.
296 1859 427 1901 Venit
459 1858 512 1900 ad
543 1856 819 1899 Chelidonem
849 1854 894 1896 C.
918 1854 1114 1904 Mustius,
1147 1869 1272 1910 eques
1301 1852 1530 1902 Romanus,
1562 1851 1701 1907 publi-

105 1941 244 1976 canus,
268 1926 393 1966 homo
413 1939 510 1966 cum
536 1922 684 1978 primis
705 1922 927 1963 honestus:
962 1920 1080 1961 venit
1101 1919 1160 1960 M.
1184 1919 1212 1960 J
1214 1919 1351 1968 unius,
1373 1923 1548 1973 patruus
1567 1917 1701 1972 pueri,

105 1991 415 2047 frugalissimus
444 1990 569 2031 homo
600 1993 642 2030 et
672 1987 951 2029 castissimus:
985 1985 1103 2028 venit
1131 1985 1257 2026 homo
1287 1998 1449 2025 summo
1484 1981 1698 2038 [honore,]

105 2058 277 2113 pudore,
314 2055 398 2112 [et]
430 2070 592 2097 summo
622 2053 767 2102 officio,
800 2051 1129 2108 spectatissimus
1160 2048 1318 2091 ordinis
1349 2048 1426 2098 sui,
1448 2047 1496 2088 P.
1520 2047 1702 2088 Potitius

106 2127 233 2163 tutor.
296 2121 331 2161 O
362 2120 507 2161 multis
538 2119 742 2169 acerbam,
766 2118 801 2159 O
827 2118 1024 2159 miseram
1054 2122 1179 2171 atque
1208 2114 1430 2169 indignam
1460 2117 1703 2167 praeturam

106 2186 250 2227 tuam!
312 2185 374 2227 Ut
408 2185 576 2226 mittam
608 2189 758 2233 cetera,
793 2198 875 2237 quo
910 2182 1082 2222 tandem
1120 2180 1278 2235 pudore
1317 2178 1422 2219 tales
1457 2177 1582 2227 viros,
1618 2192 1701 2231 quo

107 2251 248 2292 dolore
268 2250 499 2291 meretricis
520 2250 691 2290 domum
711 2247 873 2289 venisse
895 2245 1193 2287 arbitramini?
1228 2243 1302 2298 qui
1325 2242 1443 2283 nulla
1463 2242 1701 2283 conditione

107 2317 233 2358 istam
267 2315 576 2370 turpitudinem
610 2313 830 2362 subissent,
867 2311 951 2352 nisi
990 2310 1114 2351 officii
1153 2307 1553 2362 necessitudinisque
1593 2307 1701 2348 ratio

109 2382 324 2437 coegisset.
385 2379 589 2428 Veniunt,
617 2383 665 2419 ut
692 2378 796 2427 dico,
826 2378 880 2418 ad
901 2376 1187 2418 Chelidonem.
1247 2373 1408 2414 Domus
1434 2377 1523 2413 erat
1549 2372 1699 2427 plena:

153 2485 366 2527 reddendum]
400 2483 635 2519 ‘tradendum'
667 2484 786 2523 Zumpt
817 2483 882 2513 and
926 2482 992 2512 tio'
1010 2481 1036 2511 is
1051 2481 1109 2511 the
1125 2481 1238 2510 ‘actus
1261 2478 1445 2518 allegandi:
1469 2488 1503 2508 as
1527 2477 1701 2508 Forcellini

110 2531 240 2566 Iordan,
256 2530 340 2560 from
357 2529 503 2559 Priscian
518 2527 582 2557 and
599 2526 659 2566 Lg.
677 2528 718 2556 29
729 2538 738 2562 ;
762 2526 880 2562 which,
926 2536 997 2565 says
1009 2537 1019 2561 5
1042 2524 1106 2554 aud
1129 2527 1137 2539 ‘
1150 2521 1308 2562 allegare'
1331 2532 1441 2552 means
1463 2523 1499 2552 to
1522 2521 1601 2551 send
1623 2524 1658 2551 to
1681 2531 1701 2551 a

110 2575 139 2604 if
150 2585 197 2604 we
208 2574 309 2614 judge
325 2573 367 2613 by
384 2572 440 2602 the
456 2570 622 2611 propriety
639 2569 674 2599 of
693 2569 749 2599 the
767 2571 879 2605 ternis,
925 2569 1016 2608 place
1032 2577 1067 2597 or
1090 2569 1125 2596 to
1148 2576 1166 2596 a
1188 2575 1302 2605 person
1326 2575 1367 2595 011
1389 2567 1527 2595 matters
1543 2567 1601 2595 not
1624 2564 1661 2594 of
1678 2574 1698 2594 a

110 2618 174 2648 and
189 2619 247 2647 not
263 2617 319 2646 the
335 2615 429 2645 MSS.
446 2613 625 2653 authority,
642 2612 668 2642 is
692 2612 748 2642 the
772 2612 881 2642 better
925 2611 1035 2651 public
1045 2612 1171 2645 nature,
1183 2608 1247 2638 and
1258 2608 1422 2649 generally
1434 2608 1484 2638 for
1494 2608 1551 2638 the
1561 2617 1699 2647 purpose

113 2660 211 2691 word.
258 2659 343 2689 Four
360 2659 442 2698 ng.
458 2658 539 2687 have
556 2660 564 2672 ‘
576 2655 792 2686 credendu1n.’
924 2654 962 2684 of
996 2653 1167 2691 obtaining
1203 2651 1397 2691 something.
1444 2655 1453 2668 ‘
1464 2651 1590 2690 Legare
1602 2650 1612 2663 ’
1642 2660 1697 2690 ap-

153 2713 241 2742 spem
265 2701 447 2742 societatis]
474 2704 482 2717 ‘
494 2700 575 2739 hope
598 2699 635 2728 of
652 2697 859 2738 partnership
869 2697 878 2710 ’
922 2697 1001 2737 plies
1017 2699 1052 2726 to
1068 2706 1086 2725 a
1100 2695 1208 2735 public
1223 2694 1364 2724 mission.

111 2746 192 2776 with
213 2745 329 2775 Verres
352 2746 384 2775 in
405 2745 454 2774 his
476 2742 646 2783 impudent
668 2741 828 2771 fraud—¹
841 2740 877 2770 P.
969 2739 1050 2780 [pro
1066 2737 1234 2778 pt·e{i0,]]
1281 2737 1383 2767 These
1403 2736 1507 2766 words
1523 2746 1577 2766 are
1600 2736 1634 2765 in
1657 2735 1700 2765 all

114 2789 236 2819 Potitio
249 2789 270 2818 :⁹
307 2792 314 2804 ‘
326 2788 361 2818 Ρ,
393 2787 497 2818 Titio'
530 2785 658 2816 Iordan.
712 2783 779 2814 The
810 2783 878 2813 real
922 2782 979 2812 the
995 2782 1089 2812 MSS.
1100 2794 1109 2817 3
1134 2781 1252 2820 Zumpt
1268 2780 1410 2820 explains
1425 2780 1516 2810 them
1535 2790 1569 2809 as
1587 2789 1695 2809 mean-

114 2842 209 2862 name
225 2831 251 2860 is
267 2831 427 2861 doubtful.
926 2825 984 2865 ing
1000 2829 1007 2841 ‘
1020 2827 1151 2855 tantum
1167 2826 1327 2864 quantum
1342 2823 1486 2863 pretium
1496 2822 1505 2835 ’
1522 2832 1559 2852 or
1576 2825 1585 2838 ‘
1596 2821 1696 2862 pretii

158 2873 385 2914 alleyationes]
434 2873 492 2903 See
523 2882 549 2902 c.
575 2871 627 2908 16,
652 2870 716 2900 and
747 2869 882 2909 ‘allega-
926 2868 1016 2899 1000?

114 2917 187 2954 tos:
205 2927 231 2948 e.
248 2918 300 2954 53,
324 2917 388 2948 and
405 2920 413 2934 ‘
425 2915 566 2956 allegat‚'
586 2925 613 2946 c.
637 2914 689 2947 57.
734 2916 744 2931 ‘
755 2912 882 2953 Anega-
970 2913 1022 2944 52.
1044 2921 1164 2942 summo
1183 2907 1376 2952 [honore,]]
1423 2908 1526 2939 There
1541 2907 1568 2939 is
1583 2918 1602 2938 a
1617 2906 1698 2938 diffi-
