1849 3167
754 116 962 159 INDEX.

62 229 268 266 Publicanus,
285 229 455 261 definition
471 230 514 268 of,
530 231 595 262 390

236 291 268 310 —-‚
284 284 303 304 a
319 284 454 315 seourge
469 274 505 304 in
520 285 539 304 a
554 273 718 314 province,
736 275 802 305 284

43 354 45 356 ¹
64 316 208 352 Publice,
226 318 291 347 454

207 360 361 399 accipere,
378 360 539 397 decumaS‚
557 361 622 390 334

63 401 218 432 Publicus
233 403 343 442 populi
359 403 509 440 Romani,
527 413 615 444 ager,
633 405 696 434 302

64 445 203 482 Puchta,
221 447 284 476 315

64 488 183 524 Pudet,
200 491 234 519 te
250 489 328 530 ejus,
345 489 410 520 600

65 531 185 568 Pudor,
202 533 245 562 94

65 574 173 611 Pueri,
191 575 302 611 slaves,
320 575 385 606 459

65 617 208 653 Pulcros,
225 618 387 658 pulchros,
404 619 468 649 243

64 660 289 691 Punctuation
313 661 497 692 sometimes
526 661 614 692 leads
644 663 680 692 to
710 661 832 692 misun-

108 704 332 745 derstanding,
348 705 412 735 256

236 765 289 783 --,
307 749 381 784 300,
398 746 472 784 327,
489 747 562 784 379,
574 748 648 785 392,
665 749 739 784 403,
757 747 832 784 466,

108 789 183 826 475,
199 791 275 826 493,
294 790 357 822 578

66 832 224 872 Pupillus,
242 834 306 863 130

66 875 205 912 Puteoli,
237 886 257 906 a
285 878 390 906 resort
420 876 457 906 of
490 876 689 914 merchants,
720 876 785 907 and
815 886 834 907 a

109 918 210 959 depfit
224 918 275 950 for
291 929 379 956 corn,
395 919 470 956 608,
487 920 552 951 609

66 1091 354 1132 Quadruplatores,
371 1093 416 1123 20

66 1136 157 1172 Quae
172 1145 234 1171 reS,
252 1136 315 1165 134

239 1201 248 1214 ,
265 1188 321 1208 use
337 1177 380 1214 of,
397 1178 439 1210 57

179 1223 298 1257 essent,
323 1220 416 1251 furta
441 1221 610 1261 praetoris,
637 1220 835 1252 translation

111 1264 153 1300 of,
171 1265 234 1295 289

68 1306 250 1344 Quaesitor,
267 1307 310 1337 68

67 1349 223 1387 Quaestio
239 1349 411 1389 Perpetua,
428 1350 481 1386 44,
499 1350 542 1381 50

66 1392 288 1430 Quaestiones‚
306 1392 370 1424 170

67 1436 281 1473 Quaestionis,
293 1435 406 1476 judex,
425 1435 489 1468 170

68 1479 240 1517 Quaestor,
257 1479 301 1509 60

87 1556 90 1560 ,
254 1522 407 1552 Urbanus
433 1522 490 1552 did
516 1521 687 1553 execution
710 1522 745 1552 in
769 1532 837 1553 cer-

110 1565 182 1596 tain
209 1575 296 1595 cases
319 1565 363 1606 by
389 1565 508 1606 taking
534 1566 600 1596 and
625 1566 742 1607 selling
765 1576 834 1607 pro-

111 1610 218 1649 perty,
235 1609 299 1638 112

241 1650 268 1680 's
282 1652 448 1686 accounts,
465 1651 529 1683 136

253 1693 384 1729 60605,
401 1695 442 1724 23

243 1746 257 1766 s
272 1736 345 1766 how
361 1736 488 1773 chosen,
505 1737 558 1774 29,
575 1736 617 1769 37

71 1779 265 1817 Quaestores
281 1780 318 1809 of
330 1779 440 1820 Sicily,
457 1781 521 1810 204

242 1840 266 1845 -
280 1822 416 1859 Urbani,
435 1823 497 1853 105

70 1865 304 1906 Quaestorship
340 1866 493 1906 qualified
530 1876 549 1896 a
581 1876 659 1897 man
694 1866 744 1897 for
780 1866 839 1898 the

114 1909 244 1946 Senate,
260 1908 312 1946 77,
329 1909 382 1945 94,
399 1910 463 1939 454

71 1952 286 1990 Quaesturae,
302 1952 492 1988 translator,
509 1952 576 1983 608

72 1996 188 2033 Quam,
206 1996 359 2036 frequent
375 2005 432 2026 use
448 1995 490 2031 of,
507 1997 551 2026 42

157 2056 180 2061 -
202 2039 243 2069 ob
258 2049 338 2075 rem,
355 2039 420 2069 419

157 2100 179 2104 -
193 2082 308 2112 voletis
324 2081 432 2117 multi,
450 2082 514 2112 250

72 2124 302 2162 Quamobrem,
321 2135 462 2161 causam,
481 2125 542 2154 121

72 2168 239 2205 Quamvis,
257 2167 319 2200 317

73 2211 275 2251 Quandoque
291 2213 340 2247 tu,
358 2209 508 2247 formula,
525 2211 590 2241 402

74 2254 294 2295 Quapropter,
310 2255 352 2284 42

73 2297 174 2335 Quasi
191 2321 199 2328 .
217 2321 224 2328 .
240 2297 298 2334 ita,
315 2296 378 2327 415

74 2342 179 2378 Quem
195 2340 237 2371 ad
252 2340 361 2375 finem,
379 2338 444 2371 574

160 2401 181 2406 -
195 2383 276 2413 mihi
292 2385 342 2421 tu,
358 2384 422 2412 2-10

73 2425 467 2507 ἆζιζξὲῗὲἑὶἲὲἴὶἓῶἒῗῗ
486 2425 550 2455 ⁵²⁰

394 2511 449 2548 sie,
467 2510 510 2542 25

76 2554 151 2592 Qui,
167 2554 308 2595 position
324 2553 365 2589 of,
380 2555 443 2584 558

177 2620 185 2628 .
202 2620 210 2627 .
226 2607 337 2638 quum,
354 2607 409 2627 use
426 2596 467 2632 of,
485 2597 548 2627 502

75 2659 161 2665 ---
193 2640 274 2671 with
301 2650 322 2670 a.
346 2639 562 2680 subjunctive,
590 2639 642 2676 26,
668 2640 742 2678 118,
767 2639 841 2678 237,

181 2736 293 2766 quum,
311 2727 374 2756 342

176 2779 233 2799 use
249 2769 292 2805 of,
305 2779 371 2799 una
386 2768 466 2799 hora.
481 2779 546 2809 qua
562 2768 669 2800 dicere
684 2769 785 2811 coepi,
801 2769 843 2801 96

76 2811 164 2850 Quid
179 2812 251 2842 ais?
277 2813 341 2843 540

176 2856 212 2887 at
227 2855 285 2887 the
300 2854 482 2897 beginning
496 2855 534 2887 of
544 2865 564 2887 a
578 2856 741 2894 sentence,
757 2857 822 2888 208

1581 113 1664 154 665

897 230 985 268 Quid
1000 229 1068 270 ejus
1083 228 1136 265 sit,
1154 228 1217 260 569

898 292 980 297 ——
998 273 1094 309 enim,
1112 274 1185 309 152,
1202 272 1266 302 160

998 318 1069 347 erat
1086 316 1182 356 quod,
1198 315 1263 346 466

998 360 1058 389 hoc
1076 382 1082 388 .
1102 382 1108 389 .
1125 358 1243 389 clarius
1259 367 1367 398 quam,
1383 356 1448 388 485

997 402 1137 432 hominis
1153 401 1205 437 sit,
1223 402 1287 431 264

998 445 1064 481 illa,
1082 446 1144 475 313

1063 488 1128 518 and
1143 486 1255 524 Quid?
1280 486 1346 523 illa,
1363 487 1407 516 24

897 549 984 554 —-—-
998 531 1127 571 publice
1139 531 1153 560 Ρ
1179 531 1241 560 331

897 592 983 597 —
998 577 1033 605 te
1047 574 1199 604 futurum
1215 572 1291 603 est?
1316 571 1381 604 274

998 619 1108 658 potest
1125 639 1133 647 .
1151 639 1159 647 .
1176 616 1264 653 Quid
1278 615 1391 657 possit,
1409 615 1472 647 407

900 660 1076 698 Quidnam,
1094 660 1135 692 27

899 703 996 741 Quin,
1014 703 1070 744 qui
1085 713 1160 739 non,
1178 703 1243 733 244

901 746 1162 787 Quinqueprimi,
1179 747 1243 776 332

899 789 1111 827 Quintilian's
1126 789 1264 829 reading
1279 788 1316 819 of
1327 798 1344 818 a
1360 797 1506 828 passage,
1523 787 1587 819 593

1072 851 1115 854 —
1130 832 1302 872 quotation
1317 831 1355 862 of
1366 830 1490 868 Cicero,
1507 832 1570 862 592

900 876 982 914 Quo,
999 876 1096 916 quod,
1112 877 1176 906 283

899 938 963 942 ——-
979 919 1119 955 nomine,
1135 919 1172 955 is,
1189 918 1255 950 620

901 962 1027 1000 Quoad,
1044 962 1141 1002 quod,
1159 962 1224 994 574

901 1006 1006 1044 Quod,
1025 1007 1099 1042 313,
1117 1005 1181 1036 316

989 1073 999 1086 ,
1015 1059 1072 1079 use
1088 1048 1130 1085 of,
1149 1048 1223 1084 451,
1241 1047 1306 1078 514

1002 1092 1069 1127 ubi,
1087 1092 1154 1128 ὅπη,
1173 1091 1239 1121 and
1253 1091 1311 1122 the
1336 1089 1467 1121 remark
1491 1090 1529 1121 of
1551 1089 1670 1121 Manu-

944 1136 1024 1171 tius,
1042 1136 1104 1165 531

1002 1178 1103 1208 verba
1117 1177 1208 1208 facta
1224 1179 1313 1212 sunt,
1330 1176 1480 1214 formula,
1499 1177 1562 1208 528

1001 1221 1062 1251 hoc
1078 1223 1275 1258 monstrum,
1292 1220 1356 1252 468

1045 1264 1089 1301 id,
1107 1265 1172 1294 120

1009 1307 1101 1338 often
1122 1306 1385 1337 misunderstood
1410 1306 1445 1337 in
1468 1306 1591 1343 Cicero,
1616 1316 1672 1337 use

945 1351 986 1387 of,
1004 1351 1068 1381 391

1003 1393 1189 1428 sciretssid,
1206 1392 1270 1424 478

1004 1440 1039 1467 at
1062 1436 1120 1467 the
1134 1436 1318 1477 beginning
1339 1436 1377 1467 of
1395 1446 1414 1467 a
1436 1438 1600 1473 sentence,
1616 1446 1674 1466 use

946 1480 988 1517 of,
1006 1481 1070 1511 148

1003 1522 1117 1564 falsely
1132 1522 1292 1562 supposed
1307 1524 1342 1554 to
1356 1522 1396 1554 be
1412 1522 1463 1553 for
1479 1526 1488 1539 ‘
1498 1522 1575 1560 sed,’
1592 1523 1656 1554 233

1004 1567 1030 1596 si
1046 1566 1116 1602 hoc,
1135 1566 1198 1597 269

1004 1609 1037 1639 vi
1052 1611 1224 1649 metusque
1240 1619 1346 1645 eausa,
1363 1609 1427 1640 435

904 1652 1100 1690 Quotations
1126 1652 1169 1692 by
1195 1652 1326 1683 ancient
1351 1652 1480 1683 writers
1503 1652 1595 1683 often
1625 1652 1675 1684 in-

948 1698 1085 1732 correct,
1102 1696 1166 1726 292

1077 1756 1108 1774 -,
1124 1748 1172 1768 we
1188 1740 1308 1768 cannot
1325 1738 1444 1778 always
1460 1740 1559 1776 trust,
1576 1739 1641 1770 592

905 1781 1104 1819 Quotidiano
1120 1791 1157 1811 or
1173 1780 1356 1817 Cotidiano,
1375 1783 1440 1812 450

905 1824 1132 1862 QuotidianuS,
1150 1825 1214 1854 111

906 1868 1016 1905 Quum
1032 1867 1182 1902 maxime,
1199 1867 1264 1898 489

992 1928 1014 1934 -
1025 1913 1108 1946 tuin,
1127 1911 1191 1940 200

906 1971 1014 1977 —--
1030 1953 1112 1984 with
1128 1952 1315 1990 indicative,
1333 1953 1374 1985 27

908 2125 1034 2165 Rating
1049 2124 1082 2155 in
1099 2127 1183 2156 most
1200 2125 1364 2157 countrics
1380 2126 1495 2168 faust-y,
1512 2127 1576 2158 266

908 2168 1007 2198 Ratio
1023 2168 1170 2204 carceris,
1187 2168 1251 2199 606

1009 2211 1103 2242 officii
1120 2211 1293 2251 persoluta,
1310 2212 1376 2243 620

909 2272 1003 2291 —,
1021 2255 1135 2290 oratio,
1152 2256 1215 2285 353

996 2321 1003 2333 ,
1021 2298 1134 2333 civilis,
1152 2297 1322 2334 naturali&
1340 2299 1403 2330 189

910 2340 1094 2376 Rationem,
1112 2340 1239 2377 ducere,
1256 2352 1358 2377 sunm,
1377 2343 1439 2373 152

910 2383 1075 2419 Ratione&
1092 2384 1252 2414 rationem
1270 2385 1401 2420 referre,
1419 2385 1482 2418 567

912 2426 957 2457 Re
974 2427 1162 2463 necessaria,
1179 2430 1322 2465 coactus,
1338 2429 1403 2460 336

910 2469 1139 2505 Receiderunt,
1156 2471 1220 2502 613

910 2512 1076 2553 Recipere,
1092 2513 1135 2546 73

1082 2580 1091 2593 ,
1107 2556 1278 2597 suscipere,
1296 2558 1336 2588 21

910 2599 1073 2636 Recitare,
1090 2610 1145 2630 nse
1160 2601 1203 2636 of,
1220 2601 1284 2632 563

1083 2667 1091 2679 ,
1111 2644 1171 2674 105

910 2685 1178 2725 Rocnpcrutores.
1196 2687 1248 2722 31,
1265 2687 1318 2722 -l-l,
1336 2686 1388 2722 53,
1407 2687 1470 2717 188

912 2728 1120 2768 Redemptor,
1139 2730 1200 2758 162

911 2771 1081 2811 Redigere,
1098 2771 1279 2812 pecuniam,
1296 2771 1338 2802 35

912 2814 1093 2850 Redimere,
1110 2815 1152 2845 63

911 2857 1029 2889 Redite
1045 2857 1079 2888 in
1094 2856 1295 2894 memoriam,
1312 2857 1376 2889 148
