1849 3167
113 127 167 168 90
693 127 761 170 IN
793 126 837 168 G.
873 126 1123 168 VERREM

112 245 238 296 atque
268 240 453 282 amentia
481 256 535 282 ne
564 240 643 282 hoc
673 241 843 297 quidem
867 240 1108 282 mirandum
1129 239 1308 280 videtur.
1369 239 1508 281 Multa
1528 239 1641 281 enim
1662 245 1704 281 ct

111 307 158 347 in
179 307 276 348 deos
298 311 340 348 et
360 307 406 347 in
425 306 617 348 homines
636 307 765 362 impie
785 307 1027 362 nefarieque
1049 305 1269 354 commisit,
1292 320 1469 360 quorum
1500 305 1704 347 scelerum

110 372 257 427 poenis
278 372 464 428 agitatur
485 377 527 413 et
548 387 571 413 a
591 378 733 413 mente
754 373 1008 427 consilioque
1030 370 1262 412 deducitur.

170 437 258 478 III.
291 437 444 493 Agunt
474 453 570 478 eum
599 438 873 492 praecipitem
901 452 1059 492 poenae
1089 436 1245 477 civium
1276 436 1578 486 Romanorum,
1602 451 1705 491 quos

112 503 270 558 partim
299 503 433 544 securi
462 503 678 558 percussit,
710 504 866 558 partim
897 503 942 543 in
972 501 1152 543 vinculis
1172 501 1352 551 necavit,
1375 502 1532 556 partim
1552 501 1703 556 implo-

112 574 254 610 rantes
270 569 368 625 jura
387 569 596 609 libertatis
618 573 658 609 et
680 568 863 610 civitatis
883 568 929 608 in
950 582 1116 609 crucem
1145 566 1326 607 sustulit.
1387 567 1579 622 Rapiunt
1609 582 1706 608 eum

112 635 166 675 ad
186 634 439 690 supplicium
459 634 519 674 dii
539 634 679 688 patrii,
703 635 815 689 quod
834 634 912 675 iste
932 649 1040 674 unus
1060 633 1258 673 inventus
1278 637 1340 673 est
1357 633 1430 688 qui
1445 648 1467 674 e
1484 632 1706 687 complexu

112 704 337 754 parentum
357 699 549 754 abreptos
570 699 678 740 filios
699 700 752 740 ad
772 714 916 750 necem
938 699 1119 747 duceret,
1143 702 1184 738 et
1203 703 1398 753 parentes
1417 698 1603 753 pretium
1629 713 1704 753 pro
1741 725 1745 729 κ

114 765 329 819 sepultura
358 764 538 805 liberum
567 768 768 817 posceret.
829 763 1075 819 Religiones
1104 778 1203 804 Vero
1233 763 1592 819 caerimoniaeque
1616 779 1703 805 om-

113 830 233 870 nium
272 845 483 870 sacrorum
522 828 799 885 fanorumque
838 829 1030 879 violatae,
1063 829 1368 885 simulacraque
1397 830 1570 871 deorum
1599 844 1706 884 quae

113 911 199 936 non
219 896 341 936 modo
362 911 415 936 ex
436 894 520 935 suis
541 894 710 949 templis
732 894 871 936 ablata
893 900 1003 944 sunt,
1026 895 1099 936 sed
1119 895 1247 936 etiam
1274 895 1418 951 jacent
1444 895 1490 935 in
1521 894 1706 936 tenebris

113 961 166 1002 ab
195 960 275 1002 isto
305 966 468 1001 retrusa
498 964 623 1015 atque
655 959 810 1010 abdita,
843 960 1068 1001 consistere
1098 960 1187 1016 ejus
1217 960 1407 1001 animum
1437 960 1526 1001 sine
1565 960 1706 1001 furore

114 1030 238 1081 atque
259 1025 443 1067 amentia
464 1040 549 1066 non
571 1025 729 1066 sinunt.
790 1025 940 1081 Neque
969 1026 1048 1067 iste
1078 1026 1185 1067 mihi
1205 1025 1375 1067 videtur
1397 1041 1439 1067 se
1461 1026 1514 1066 ad
1534 1026 1706 1067 damna-

113 1091 272 1133 tionem
293 1091 427 1133 solum
447 1091 606 1140 offerre,
629 1106 765 1146 neque
788 1091 866 1132 hoc
888 1091 1090 1132 avaritiae
1111 1091 1315 1146 supplicio
1336 1091 1550 1132 communi
1570 1091 1643 1146 qui
1664 1106 1707 1132 se

114 1161 177 1198 tot
207 1157 430 1198 sceleribus
469 1157 744 1197 obstrinxerit
774 1162 996 1198 contentus
1036 1172 1147 1198 esse:
1194 1156 1456 1212 singularem
1494 1156 1708 1212 quandam

114 1238 291 1277 poenam
312 1222 432 1263 istius
453 1222 649 1267 immanis
671 1227 796 1277 atque
816 1222 1058 1277 importuna
1078 1228 1229 1263 natura
1251 1222 1472 1263 desiderat.
1534 1222 1633 1263 Non
1662 1222 1708 1263 id

115 1288 249 1329 solum
270 1287 487 1343 quaeritur
506 1292 554 1328 ut
573 1282 654 1328 isto
676 1288 875 1329 damnato
895 1280 1004 1329 bona
1025 1288 1303 1329 restituantur
1323 1287 1375 1328 iis
1396 1287 1547 1342 quibus
1564 1292 1707 1342 erepta

116 1359 226 1403 sunt,
259 1354 331 1394 sed
361 1358 403 1394 et
433 1353 658 1408 religiones
688 1353 862 1394 deorum
882 1353 1187 1394 immortalium
1207 1352 1452 1407 expiandae,
1476 1357 1517 1393 et
1550 1352 1708 1394 civium

116 1418 405 1460 Romanorum
439 1418 647 1459 cruciatus
686 1418 999 1473 multorumque
1038 1418 1330 1459 innocentium
1369 1417 1541 1473 sanguis
1585 1418 1707 1459 istius

116 1485 319 1540 supplicio
339 1485 516 1525 luendus
538 1489 611 1525 est.
672 1484 771 1526 Non
801 1485 914 1525 enim
944 1484 1080 1525 furem
1111 1484 1183 1525 sed
1212 1488 1458 1538 ereptorem,
1481 1498 1567 1524 non
1587 1483 1705 1524 adul-

116 1555 255 1591 terum
294 1550 366 1591 sed
405 1554 740 1604 expugnatorem
769 1549 1010 1605 pudicitiae,
1042 1565 1129 1590 non
1159 1549 1412 1604 sacrilegum
1442 1550 1514 1590 sed
1543 1549 1708 1590 hostem

116 1631 327 1656 sacrorum
347 1614 694 1670 religionumque,
717 1630 803 1656 non
823 1615 1020 1656 sicarium
1036 1616 1107 1656 sed
1120 1614 1456 1656 crudelissimum
1468 1614 1708 1656 carnificem.

116 1681 273 1722 civium
303 1680 589 1735 sociorumque
618 1680 665 1721 in
695 1686 884 1722 vestrum
909 1680 1118 1736 judicium
1139 1680 1403 1729 adduximus,
1426 1686 1474 1720 ut
1495 1695 1573 1734 ego
1593 1680 1707 1720 hunc

116 1761 249 1787 unum
278 1745 482 1801 ejusmodi
513 1761 632 1786 reum
661 1751 754 1801 post
776 1746 997 1787 hominum
1017 1746 1263 1787 memoriam
1282 1745 1409 1787 fuisse
1431 1745 1611 1786 arbitrer
1640 1745 1709 1786 cui

117 1811 309 1853 damnari
329 1810 557 1865 expediret.

174 1876 253 1917 IV.
286 1876 398 1918 Nam
428 1875 521 1931 quis
551 1876 629 1917 hoc
659 1891 745 1917 non
774 1875 987 1932 intelliget
1007 1876 1137 1917 istum
1168 1875 1405 1917 absolutum
1425 1875 1506 1916 diis
1525 1874 1709 1916 homini-

117 1943 277 1998 busque
306 1942 465 1992 invitis‚
487 1947 629 1983 tamen
652 1957 704 1984 ex
724 1942 918 1984 manibus
938 1942 1084 1998 populi
1116 1940 1300 1983 Romani
1321 1940 1427 1996 eripi
1447 1941 1564 1983 nullo
1584 1941 1708 1982 modo

162 2058 192 2087 3.
216 2067 293 2096 quos
301 2056 446 2097 partim]
466 2057 559 2096 ‘part
571 2056 608 2085 of
618 2056 745 2086 whom.'
791 2059 800 2072 ‘
813 2056 890 2086 Par-

119 2100 180 2130 tim
191 2100 199 2112 ¹
211 2100 236 2129 is
246 2100 323 2129 used
333 2110 366 2129 as
378 2110 396 2129 a
411 2110 498 2129 noun
514 2099 714 2129 undeclined.
754 2099 811 2129 See
828 2099 891 2129 Pro

121 2143 265 2177 Fonteio,
283 2153 309 2172 c.
327 2144 378 2179 12,
394 2142 456 2172 vol.
472 2142 516 2179 11.,
540 2142 605 2172 and
620 2142 668 2173 Dc
686 2143 780 2172 Prov.
797 2142 891 2172 Cous.

121 2196 147 2216 c.
165 2186 215 2221 10,
232 2185 293 2215 vol.
309 2185 351 2215 iv.

163 2227 372 2268 saerilefflcm]
425 2227 494 2258 One
521 2228 592 2257 who
615 2228 683 2268 lays
709 2228 758 2257 his
788 2227 891 2258 hands

121 2282 162 2301 on
192 2271 302 2301 sacred
333 2271 454 2311 things,
485 2271 596 2310 things
626 2273 674 2301 set
711 2273 805 2310 apart
842 2271 891 2301 for

121 2315 272 2354 religious
287 2324 448 2353 purposes.
493 2314 621 2354 Among
636 2314 729 2344 other
742 2313 892 2343 divisions

121 2358 158 2388 of
177 2358 297 2397 things,
321 2357 377 2387 the
403 2357 543 2386 Romans
569 2357 633 2386 had
659 2367 678 2386 a
703 2356 838 2386 division
861 2356 898 2386 of

123 2405 193 2430 ‘res
216 2400 316 2430 divini
334 2400 439 2440 jnris,'
463 2410 498 2429 or
521 2399 632 2439 things
655 2401 704 2429 set
727 2401 821 2439 apart
844 2399 893 2429 for

122 2444 178 2474 the
194 2453 345 2483 purposes
360 2443 396 2473 of
414 2442 559 2482 religion,
583 2442 647 2472 and
671 2446 739 2472 ‘res
759 2442 892 2472 humani

117 2487 223 2527 juris,’
239 2486 352 2525 things
367 2486 473 2515 which
489 2495 572 2515 were
595 2487 653 2515 not
672 2485 794 2525 (Graius,
812 2485 844 2515 ii.
861 2486 890 2521 1,

123 2530 203 2568 &c.).
248 2530 277 2559 A
308 2528 517 2568 ‘sacrilegus'
548 2528 574 2557 is
609 2539 668 2558 one
699 2532 707 2544 ‘
720 2528 774 2568 qni
804 2538 893 2558 saera

122 2572 224 2613 legit?
241 2572 262 2602 i.
279 2582 304 2602 e.
323 2576 331 2588 ‘
344 2571 495 2607 furatur,'
512 2581 571 2601 one
586 2571 658 2601 who
673 2571 746 2601 robs
758 2571 892 2610 temples

122 2627 159 2647 or
179 2616 274 2646 steals
297 2615 407 2645 sacred
430 2615 551 2653 things.
597 2614 636 2643 In
660 2614 716 2644 the
742 2614 892 2653 Imperial

122 2659 233 2699 period
248 2658 304 2688 the
320 2658 408 2688 word
423 2657 574 2688 obtained
590 2657 646 2687 the
662 2657 760 2686 wider
772 2657 892 2696 signiti-

125 2702 231 2732 cation
247 2702 283 2731 of
295 2712 356 2741 any
368 2702 487 2731 offence
500 2700 626 2740 against
642 2700 787 2739 religion.
825 2700 892 2729 The

124 2746 189 2775 Lex
204 2745 292 2775 Julia
305 2744 476 2774 Peculatus
491 2743 634 2783 brought
647 2747 655 2759 ‘
667 2743 892 2782 Sacrilegium’

124 2788 226 2818 under
256 2788 312 2818 the
338 2786 579 2817 denomination
609 2796 644 2816 or
674 2786 830 2826 penalties
860 2786 896 2816 of

125 2836 133 2848 ‘
148 2830 340 2862 Pecuiatusf
386 2830 459 2860 And
483 2829 604 2865 Cicero,
629 2840 655 2859 0.
679 2830 709 2865 4«,
735 2839 834 2859 seems
857 2831 892 2859 to

123 2874 250 2905 include
261 2874 316 2904 the
326 2874 445 2903 offence
456 2873 490 2903 of
502 2872 774 2912 temple-robbing
790 2872 892 2902 under

937 2059 945 2072 ‘
959 2055 1155 2085 peculatus?

972 2099 1023 2128 eui
1035 2098 1189 2128 (lammari
1201 2097 1394 2138 expediret]
1421 2101 1442 2114 ‘¹
1452 2097 1626 2134 Because‚”
1637 2108 1709 2139 says

935 2142 1101 2177 Asconius,
1114 2146 1133 2158 “
1145 2142 1236 2171 there
1249 2152 1312 2171 was
1323 2152 1342 2171 a
1353 2141 1412 2171 less
1424 2141 1555 2181 penalty
1567 2142 1600 2171 in
1611 2142 1710 2181 being

935 2185 1133 2215 condemned
1143 2185 1175 2214 in
1187 2185 1252 2215 this
1262 2184 1349 2220 trial,
1362 2184 1443 2214 than
1455 2184 1488 2213 in
1499 2194 1539 2214 an
1552 2185 1709 2225 assenibly

935 2228 972 2257 of
982 2228 1038 2257 the
1050 2227 1175 2257 Roman
1187 2227 1297 2266 people
1308 2227 1415 2256 andin
1431 2227 1488 2257 the
1500 2227 1709 2266 punishment

935 2270 1123 2310 whichthey
1130 2270 1238 2310 might
1248 2270 1351 2300 inflict
1357 2270 1393 2305 ;''
1406 2280 1447 2300 an
1457 2270 1709 2309 interpretation

936 2313 1051 2349 which,
1069 2324 1102 2343 as
1127 2313 1224 2343 Klotz
1248 2312 1403 2348 remarks,
1420 2313 1445 2342 is
1469 2313 1643 2343 confirmed
1665 2313 1708 2354 by

936 2357 992 2386 the
1009 2356 1112 2386 words
1129 2360 1137 2372 ‘
1150 2356 1235 2385 Nam
1260 2356 1351 2395 quis,'
1373 2356 1427 2386 &ca
1473 2355 1584 2386 Cicero
1599 2367 1709 2387 means

936 2401 971 2429 to
987 2410 1042 2439 say
1054 2399 1129 2429 that
1141 2399 1267 2434 Verres
1281 2399 1310 2428 if
1321 2399 1487 2438 acquitted
1497 2399 1530 2428 in
1542 2399 1608 2429 this
1620 2400 1707 2436 trial,

936 2442 1041 2472 would
1056 2442 1095 2472 be
1110 2442 1268 2481 punished
1283 2442 1324 2482 by
1341 2442 1397 2472 the
1415 2446 1423 2458 ‘
1434 2442 1574 2482 Populus
1591 2443 1708 2473 Roma-

936 2495 995 2514 nus
1008 2485 1016 2497 ³
1029 2485 1071 2525 by
1084 2495 1103 2515 a
1112 2485 1227 2524 special
1239 2487 1323 2515 vote.
1362 2485 1520 2515 VVhether
1532 2486 1572 2516 110
1582 2486 1707 2516 threat-

937 2538 991 2558 ens
1007 2528 1123 2558 Verres
1140 2528 1218 2558 with
1235 2538 1254 2557 a
1270 2528 1399 2568 regular
1415 2529 1608 2569 proceeding
1630 2529 1673 2570 by
1689 2539 1708 2559 a

936 2571 1015 2600 kind
1031 2571 1067 2601 of
1078 2571 1133 2600 bill
1150 2571 1186 2600 of
1204 2571 1293 2610 pains
1316 2572 1379 2601 and
1394 2572 1559 2611 penalties‚
1576 2583 1612 2602 or
1627 2572 1708 2603 with

937 2624 1021 2644 some
1047 2614 1205 2653 irregular
1232 2624 1412 2654 vengcance
1443 2616 1478 2645 of
1500 2615 1557 2645 the
1582 2615 1707 2645 Roman

936 2657 1056 2696 11001110,
1070 2657 1143 2687 does
1158 2659 1216 2687 not
1231 2668 1313 2687 seem
1331 2658 1420 2697 quite
1436 2658 1529 2688 clear.
1569 2659 1636 2688 But
1648 2669 1707 2689 one

937 2700 972 2729 of
994 2700 1051 2730 the
1077 2702 1142 2730 two
1171 2710 1270 2730 seems
1300 2703 1334 2731 to
1358 2701 1396 2731 bc
1423 2703 1542 2732 meant.
1589 2702 1707 2741 Zumpt

937 2743 1025 2782 gives
1055 2743 1082 2773 it
1112 2743 1247 2773 another
1277 2744 1447 2784 meaning:
1480 2748 1500 2761 ‘⁶
1513 2747 1551 2774 ut
1580 2745 1706 2774 animus

936 2786 1027 2815 furiis
1057 2786 1200 2825 agitatus
1238 2787 1415 2826 quiesceret
1453 2787 1558 2817 soluta
1593 2797 1704 2828 poena.

936 2829 975 2859 V.
993 2828 1131 2859 Gronov.
1148 2830 1187 2859 ad
1204 2829 1306 2860 Tacit.
1322 2831 1406 2860 Ann.
1423 2841 1474 2861 xv.
1490 2830 1565 2861 68.”
