1849 3167
457 97 586 141 AOT.
618 96 683 139 II.
716 96 903 138 LIBER
934 93 1262 138 SECUNDUS.
1573 92 1659 134 273

52 226 126 254 vos
165 210 442 263 existimetis3
479 211 673 255 obruitur
713 210 828 254 enim
867 214 1084 252 aratorum
1123 206 1390 250 testimoniis.
1465 205 1578 248 Utar
1610 221 1659 247 eo

52 277 165 332 quod
185 277 323 318 datur.
386 277 510 320 Certe
531 279 610 320 hoc
630 277 748 320 vobis
768 277 829 318 ita
844 276 1125 332 judicandum
1146 279 1209 316 est
1229 288 1298 315 eos
1319 272 1393 328 qui
1413 271 1486 313 isti
1512 271 1656 312 inimi-

53 342 211 384 cissimi
231 348 342 393 sunt,
365 348 413 385 ut
433 344 522 399 ipse
543 343 780 385 existimari
800 342 906 392 vult,
929 341 983 382 ad
1009 340 1131 382 istius
1157 340 1338 381 honores
1359 343 1486 392 atque
1505 352 1656 377 monu-

54 414 199 449 menta
219 409 419 464 pecunias
440 410 660 451 voluntate
681 424 755 450 sua
775 423 861 449 non
882 406 1121 449 contulisse.
1182 405 1327 460 Atque
1347 408 1396 444 ut
1418 403 1499 443 hoc
1520 407 1660 442 totum

54 473 256 515 facillime
277 474 466 530 intelligi
486 475 630 531 possit,
653 489 779 530 quem
799 473 914 515 voles
935 488 1081 514 eorum
1100 471 1276 513 testium
1296 484 1399 525 quos
1420 468 1659 523 produxero

54 538 130 593 qui
151 554 204 579 ex
225 538 370 581 Sicilia
405 545 533 582 testes
554 540 640 582 sint
660 539 747 581 sive
771 543 967 594 togatum
991 537 1079 579 sive
1107 536 1299 578 Siculum
1325 539 1474 590 rogato
1496 537 1538 573 et
1562 547 1660 572 eum

54 604 130 659 qui
155 604 236 646 tibi
259 604 575 647 inimicissimus
599 621 686 647 esse
712 604 940 654 videbitur,
963 603 1037 659 qui
1064 618 1108 644 se
1137 602 1365 658 spoliatum
1395 600 1469 641 abs
1498 605 1541 639 te
1572 612 1661 638 esse

51 671 175 721 dicet,
191 671 343 727 ecquid
362 688 435 714 suo
455 672 628 714 nomine
647 671 694 712 in
714 676 833 713 tuam
849 676 1033 712 statuam
1046 669 1286 711 contulerit.
1348 665 1578 709 Neminem
1591 678 1657 704 re-

55 736 192 792 peries
213 737 287 793 qui
306 743 459 793 neget3
483 738 643 779 etenim
658 752 802 779 omnes
823 737 1044 778 dederunt.
1093 734 1361 788 Quemquam
1381 731 1517 787 igitur
1536 734 1662 785 putas

56 802 351 844 dubitaturum
373 803 478 858 quin
498 803 546 854 is,
569 818 695 859 quem
715 803 796 844 tibi
815 801 1158 843 inimicissimum
1173 815 1261 841 esse
1281 802 1486 854 oporteat,
1501 795 1577 851 qui
1589 795 1664 835 abs

57 872 100 909 te
122 868 394 923 gravissimas
424 868 602 925 injurias
624 868 844 924 acceperit,
867 867 1092 923 pecuniam
1122 870 1285 907 statuae
1306 862 1477 904 nomine
1499 860 1666 903 dederit

58 933 103 975 vi
133 939 261 989 atque
291 934 470 989 imperio
501 935 720 984 adductus,
742 949 830 975 non
859 933 994 975 officio
1024 948 1072 974 ac
1099 929 1352 973 voluntate?
1411 927 1554 983 Hujus
1585 940 1666 980 ego

58 999 273 1054 pecuniae,
291 1000 469 1056 judices,
493 1016 599 1056 quae
620 1014 854 1055 permagna
874 1004 937 1040 est
963 996 1415 1053 impudentissimeque
1443 997 1586 1035 coacta
1613 991 1666 1032 ab

58 1064 219 1115 invitis,
241 1080 328 1106 non
357 1065 489 1107 habui
518 1065 728 1107 rationem
756 1080 894 1120 neque
923 1064 1079 1105 habere
1105 1062 1237 1118 potui,
1260 1065 1470 1116 quantum
1499 1058 1552 1099 ab
1573 1072 1665 1098 ara-

58 1130 234 1180 toribus,
264 1136 473 1186 quantum
503 1131 556 1172 ab
586 1130 922 1186 negotiatoribus
953 1129 1028 1184 qui
1058 1126 1288 1183 Syracusis,
1321 1125 1396 1181 qui
1415 1121 1665 1179 Agrigenti,

60 1196 134 1251 qui
164 1196 412 1243 Panhormi,
444 1196 519 1252 qui
549 1195 746 1252 Lilybaei
774 1196 1064 1251 negotiantur,
1096 1197 1204 1235 esset
1235 1196 1439 1240 coactum,
1466 1188 1669 1245 quoniam

60 1260 306 1315 intelligitis
327 1260 459 1315 ipsius
481 1276 647 1317 quoque
668 1260 929 1302 confessione
951 1260 1003 1301 ab
1023 1257 1292 1300 invitissimis
1313 1259 1503 1297 coactam
1523 1268 1623 1294 esse.

117 1324 291 1365 LXIII.
335 1324 474 1366 Venio
509 1340 624 1366 nunc
664 1325 719 1366 ad
758 1323 952 1365 civitates
985 1322 1154 1364 Siciliae
1189 1321 1241 1362 cle
1276 1319 1430 1375 quibus
1466 1316 1669 1358 facillime

55 1388 267 1446 judicium
286 1389 380 1431 fieri
395 1390 628 1432 voluntatis
648 1395 799 1446 potest.
831 1389 905 1431 An
921 1388 1050 1430 etiam
1068 1387 1200 1429 Siculi
1220 1385 1348 1427 inviti
1369 1381 1671 1426 contulerunt?

60 1470 148 1497 non
183 1460 246 1497 est
277 1456 509 1511 probabile.
569 1456 745 1498 Etenim
785 1455 844 1497 sic
879 1454 924 1496 O.
960 1454 1141 1495 Verrem
1172 1456 1416 1508 praeturam
1444 1449 1491 1490 in
1527 1446 1673 1489 Sicilia

63 1520 240 1578 gessisse
262 1526 428 1563 constat
455 1526 515 1572 ut,
539 1537 671 1578 quum
697 1521 888 1577 utrisque
910 1519 1150 1562 satisfacere
1176 1532 1263 1559 non
1289 1519 1430 1572 posset
1457 1519 1499 1555 ct
1520 1512 1673 1555 Siculis

63 1592 105 1628 et
125 1587 296 1642 togatis,
320 1587 448 1629 officii
467 1587 608 1643 potius
628 1588 675 1629 in
696 1588 827 1630 socios
848 1602 977 1643 quam
999 1583 1242 1627 ambitionis
1262 1583 1308 1624 in
1330 1582 1442 1623 cives
1463 1579 1673 1621 rationem

63 1653 246 1694 duxerit.
308 1653 463 1709 Itaque
484 1669 581 1695 eum
602 1669 688 1696 non
707 1653 845 1695 solum
865 1665 1108 1694 PATRONVM
1128 1650 1244 1691 illius
1264 1647 1427 1689 insulae
1448 1645 1521 1687 sed
1542 1644 1673 1685 etiam

65 1731 228 1759 SOTERA
247 1717 500 1774 inscriptum
522 1719 612 1761 vidi
632 1718 863 1775 Syracusis.
910 1718 1006 1759 Hoc
1027 1721 1235 1773 quantum
1257 1714 1354 1756 cst?
1384 1712 1445 1753 ita
1465 1723 1673 1764 magnum

66 1859 232 1899 sumption
257 1859 332 1890 that
360 1859 417 1890 thc
444 1860 595 1891 omission
611 1861 637 1891 is
653 1862 845 1898 accidental,

69 1903 241 1943 especially
268 1913 302 1933 as
331 1904 438 1934 ‘esse'
464 1904 521 1934 has
542 1905 614 1944 just
644 1905 726 1935 been
757 1905 846 1935 used.

67 1947 136 1977 The
161 1946 346 1977 conclusion
377 1946 412 1983 is,
440 1947 516 1978 that
547 1948 604 1978 thc
629 1949 785 1988 rejection
815 1948 852 1977 of

68 1994 77 2007 ‘
90 2001 156 2020 esse
169 1990 177 2002 ’
195 1990 221 2019 is
237 2001 255 2020 a
271 1990 367 2030 proof
389 1991 426 2020 of
446 1991 508 2021 bad
526 1991 705 2031 jndgment
729 1992 762 2022 in
790 1992 847 2022 the

68 2033 256 2064 estimation
272 2034 309 2063 of
332 2033 484 2065 evidence
501 2035 565 2065 and
581 2035 618 2065 of
634 2035 690 2065 the
707 2035 794 2066 force
817 2035 854 2065 of

68 2076 126 2108 thc
141 2087 284 2117 passage.

111 2131 152 2150 ex·
196 2119 443 2161 Sicilia—sint]
502 2121 601 2151 Klotz
633 2121 697 2151 and
730 2121 849 2151 Iordan

69 2163 152 2194 have
169 2167 178 2180 ‘
190 2164 290 2200 suntss
307 2164 390 2193 from
409 2164 468 2202 Lg.
487 2166 528 2194 42
546 2165 585 2194 V.
620 2164 653 2195 It
670 2165 694 2194 is
711 2165 849 2195 difficult

70 2209 106 2238 to
121 2207 174 2247 lay
191 2207 285 2237 down
302 2218 321 2237 a
337 2207 407 2237 rule
423 2207 457 2237 in
473 2208 564 2238 these
585 2218 682 2237 ease&
730 2208 768 2237 ln
794 2208 849 2237 the

70 2250 247 2291 preceding
262 2252 414 2281 sentence
440 2254 512 2281 ‘cos
536 2251 591 2291 qui
617 2251 671 2281 isti
698 2251 850 2281 inimicis-

71 2294 143 2324 simi
169 2293 266 2324 sunt'
292 2294 318 2323 is
343 2294 400 2324 the
431 2294 541 2325 better
567 2294 712 2332 reading,
744 2294 850 2324 which

73 2337 193 2377 Zumpt
209 2337 242 2367 in
258 2337 334 2367 that
350 2348 421 2367 case
437 2338 559 2377 prefers
583 2338 633 2367 for
657 2338 713 2367 the
731 2337 851 2367 follow-

72 2380 131 2420 ing
146 2390 259 2410 reason
274 2392 280 2410 :
299 2384 320 2397 “
333 2380 393 2410 hoc
409 2391 534 2415 moneo,
548 2392 614 2411 esse
631 2381 662 2410 h.
674 2381 694 2410 l.
707 2383 852 2410 aratores

72 2423 310 2462 intelligendo&
327 2434 391 2453 non
408 2423 440 2453 in
458 2425 644 2454 universum
668 2424 852 2464 quicunque

73 2467 210 2497 Verrem
227 2469 465 2506 persequzmtur
478 2467 507 2501 ;''
531 2467 595 2497 and
608 2467 674 2497 this
691 2467 716 2496 is
733 2478 751 2496 a
766 2467 851 2496 suffi-

73 2511 161 2540 cient
192 2520 315 2539 reason.
373 2510 440 2540 But
471 2510 503 2540 in
535 2510 601 2540 this
632 2521 764 2549 passage
795 2510 852 2540 the

73 2553 226 2591 meaning
242 2553 267 2582 is
282 2565 288 2582 ε
315 2552 389 2582 ‘ask
407 2563 469 2593 any
486 2554 523 2582 os
535 2553 591 2583 the
608 2553 771 2583 winwssos
789 2564 852 2593 you

75 2597 191 2637 please,
208 2607 327 2635 among
343 2596 435 2626 those
453 2596 557 2626 whom
580 2597 683 2626 [shall
701 2597 851 2636 produce,

75 2641 240 2670 witnesses
256 2640 338 2668 from
358 2639 455 2679 Sicily
467 2639 487 2675 ς’
513 2642 570 2670 not
588 2644 594 2655 ‘
609 2640 665 2670 the
689 2640 853 2671 witnesses

75 2684 147 2714 who
163 2693 217 2713 are
233 2683 315 2712 from
334 2682 454 2722 Sicily)

120 2725 283 2767 suffusum]
331 2726 435 2755 There
456 2725 481 2754 is
508 2725 574 2755 also
589 2736 606 2755 a
625 2726 760 2765 reading
787 2732 794 2743 ⁶
808 2726 850 2756 ci-

77 2780 146 2800 vem
170 2769 373 2803 l<0manum‚'
390 2768 494 2799 which
514 2779 586 2809 may
606 2769 643 2799 be
665 2770 785 2810 merely
810 2780 850 2800 un

78 2813 285 2852 explanation
302 2813 339 2842 of
352 2818 358 2828 ¹
374 2812 546 2851 togatum.'
594 2813 651 2844 See
677 2824 704 2846 e,
722 2814 774 2848 (33,
800 2818 807 2830 ⁴
819 2815 853 2844 et

78 2856 194 2887 Siculis
210 2858 244 2886 et
267 2856 389 2897 togatis
400 2857 422 2895 ς’
446 2855 510 2888 und
526 2866 552 2888 e.
569 2856 622 2893 65,
649 2860 657 2872 ‘
670 2860 704 2887 et
731 2856 852 2887 Siculo-

892 1871 965 1891 rum
983 1861 1016 1890 et
1033 1859 1153 1890 civium
1171 1854 1415 1888 Romanorum?

936 1904 1050 1944 liujus
1067 1926 1074 1932 .
1093 1925 1099 1932 .
1112 1901 1282 1942 pecuniae,
1300 1898 1372 1938 ,ξ’-0.]
1406 1897 1490 1927 Tha‘t
1503 1896 1538 1931 is,
1558 1900 1565 1911 ‘
1577 1895 1674 1935 hujus

892 1947 1047 1986 pecuniae
1058 1948 1217 1985 quantum
1232 1945 1287 1973 &a
1301 1952 1364 1971 non
1375 1940 1474 1971 hahui
1489 1938 1671 1969 rationem!

893 1991 1013 2029 Zumpt
1038 1989 1102 2019 and
1132 1987 1251 2017 lordan
1278 1986 1359 2015 have
1389 1984 1455 2014 ‘Et
1479 1982 1597 2023 hujus!
1645 1981 1674 2011 V

895 2033 993 2063 omits
1010 2037 1018 2049 ‘
1032 2032 1097 2062 Et?

938 2077 990 2106 63.
1014 2075 1131 2115 offic-ii.
1152 2097 1158 2104 .
1172 2070 1377 2112 ambilionix]
1403 2070 1491 2105 This,
1502 2068 1539 2099 of
1551 2078 1673 2103 course,

895 2120 920 2149 is
937 2119 1005 2150 said
1022 2117 1200 2158 ironieally,
1217 2127 1253 2147 or
1269 2114 1417 2146 assumed
1442 2114 1490 2143 for
1517 2112 1574 2142 the
1599 2122 1674 2151 pur-

894 2173 968 2203 pose
992 2163 1028 2192 of
1048 2162 1104 2192 the
1128 2161 1315 2199 argument.
1361 2162 1369 2175 ‘
1382 2156 1528 2187 Amhitio
1541 2156 1547 2165 '
1565 2165 1675 2185 means

896 2203 1272 2246 ‘popularity-seeking,'
1300 2212 1334 2232 as
1365 2201 1392 2232 it
1423 2201 1514 2231 often
1541 2199 1616 2229 does
1641 2198 1675 2228 in

896 2249 1019 2280 Cicero.

940 2290 1093 2332 SOTERA]
1144 2290 1243 2320 Klotz
1273 2299 1345 2330 says
1376 2287 1452 2318 that
1482 2286 1539 2317 the
1575 2284 1675 2315 Latin

897 2339 906 2352 ‘
919 2338 1066 2366 servator
1078 2335 1085 2347 ’
1110 2333 1217 2364 would
1240 2336 1298 2363 not
1322 2341 1451 2371 express
1467 2330 1523 2360 the
1540 2330 1626 2359 force
1643 2328 1679 2357 os

897 2378 1016 2418 σωτήρ,
1048 2379 1098 2408 for
1129 2375 1314 2407 ‘servator'
1346 2374 1453 2404 would
1485 2374 1569 2403 refer
1600 2375 1634 2401 to
1657 2382 1676 2401 a

896 2422 999 2461 single.
1016 2424 1080 2452 aet.
1127 2421 1142 2451 I
1160 2420 1251 2450 ‹lon't
1268 2419 1362 2449 know
1389 2418 1418 2447 if
1438 2417 1504 2447 this
1529 2416 1555 2445 is
1579 2418 1675 2449 true:

897 2465 957 2495 hut
974 2465 1066 2496 there
1083 2464 1108 2494 is
1124 2463 1262 2494 another
1275 2472 1386 2493 reason
1400 2460 1473 2500 why
1492 2467 1498 2476 ⁸
1511 2462 1656 2489 servator
1669 2458 1676 2468 '

897 2509 1003 2539 would
1020 2510 1078 2539 not
1094 2508 1145 2543 do,
1163 2507 1212 2537 for
1228 2506 1284 2537 the
1310 2505 1422 2535 notion
1446 2502 1618 2533 contained
1643 2501 1674 2530 in

898 2552 925 2582 it
952 2552 977 2581 is
1004 2551 1167 2585 dill'erent,
1195 2561 1229 2580 as
1255 2548 1425 2578 Manutius
1451 2547 1565 2580 shows,
1593 2545 1674 2574 from

898 2595 972 2627 that
989 2594 1161 2625 contained
1178 2594 1210 2623 in
1233 2591 1360 2627 ‘soters
1378 2591 1426 2620 for
1444 2589 1548 2619 which
1566 2588 1678 2618 Cicero

897 2639 971 2679 only
997 2638 1079 2668 finds
1103 2648 1143 2668 an
1170 2635 1356 2676 equivalent
1380 2634 1412 2664 iu
1439 2632 1563 2663 ‘salusa'
1610 2631 1678 2660 'l'lw

897 2682 1056 2721 adjective
1074 2687 1080 2697 ‘
1092 2679 1220 2713 salvusu’
1238 2678 1343 2708 which
1355 2676 1502 2707 contains
1519 2675 1575 2706 un·
1591 2685 1677 2704 same

896 2725 1037 2755 clement
1061 2735 1094 2754 as
1119 2722 1244 2755 ‘salus-J
1269 2721 1333 2751 had
1357 2724 1410 2750 not
1434 2718 1597 2759 produced
1621 2717 1677 2747 the

897 2768 985 2799 word
1002 2774 1009 2786 ‘
1021 2768 1162 2798 salvator
1175 2767 1181 2777 ’
1199 2766 1230 2795 in
1248 2764 1387 2795 Cicero's
1404 2763 1493 2793 time.

942 2810 1153 2851 inse-ripleenfl
1216 2809 1312 2838 Klotz
1343 2807 1421 2837 adds
1453 2804 1563 2838 *essi-,⁸
1596 2804 1676 2833 from

900 2855 939 2892 V,
966 2855 1071 2886 which
1098 2848 1203 2895 rai-ely
1231 2851 1311 2882 adds
1335 2849 1536 2890 superfluous
1563 2846 1678 2879 worth,
