1849 3167
84 145 140 187 28
625 145 693 189 ΙΝ
726 145 777 194 Q.
811 145 1148 188 OAEOILIUM

84 258 222 314 ipsam
242 274 422 310 causam,
446 264 493 301 ut
518 275 597 316 ego
619 261 812 310 arbitror,
836 261 1124 301 demonstrare
1144 273 1232 299 non
1258 272 1409 313 posses.
1470 259 1597 301 Nunc
1628 273 1684 300 ne

84 324 194 364 illud
215 324 386 379 quidem
408 325 581 379 cogitas,
604 325 684 366 tibi
705 340 802 366 cum
822 325 995 366 homine
1017 323 1292 365 disertissimo
1313 328 1355 363 et
1376 324 1430 364 ad
1457 324 1684 365 dicendum

85 389 352 444 paratissimo
384 389 577 431 futurum
611 405 699 431 esse
731 395 958 439 certamen,
1000 389 1175 444 quicum
1213 388 1337 429 modo
1377 389 1680 437 disserendum,

55 479 57 481 >
84 455 209 496 modo
245 455 362 496 omni
396 455 560 496 ratione
591 456 871 510 pugnandum
904 455 1236 508 certandumque
1272 454 1361 495 sit?
1433 453 1562 509 Cujus
1603 468 1683 508 ego

84 520 308 575 ingenium
343 520 403 561 ita
435 520 561 561 laudo
593 525 642 560 ut
673 534 759 560 non
793 520 1101 575 pertimescam,
1138 519 1200 559 ita
1229 520 1359 573 probo
1391 524 1440 560 ut
1471 534 1539 560 me
1561 519 1613 560 ab
1635 533 1683 560 eo

84 585 287 627 delectari
307 585 472 626 facilius
505 599 635 639 quam
666 585 804 639 decipi
824 590 971 639 putem
997 599 1127 640 posse.
1189 583 1313 625 XIV.
1347 584 1580 639 Nunquam
1609 583 1682 624 ille

84 666 153 693 me
172 651 384 706 opprimet
405 650 579 691 consilio
597 665 606 700 3
637 665 859 704 nunquam
878 650 966 691 ullo
988 649 1166 691 artificio
1192 654 1430 704 pervertet3
1462 664 1684 704 nunquam

84 718 259 773 ingenio
279 731 347 757 me
368 731 441 757 suo
461 714 715 756 labefactare
737 719 862 770 atque
883 715 1099 755 infirmare
1120 714 1352 755 conabitur.
1405 714 1519 756 Novi
1539 729 1692 756 omnes.

84 783 270 824 hominis
290 781 515 837 petitiones
535 780 801 834 rationesque
833 780 1025 821 dicendi:
1059 794 1180 834 saepe
1212 779 1259 820 in
1290 779 1452 828 iisdem,
1485 794 1607 833 saepe
1637 779 1683 819 in

85 848 309 890 contrariis
343 846 477 887 causis
497 845 655 886 versati
675 860 830 886 sumus.
892 845 962 886 Ita
983 850 1130 886 contra
1150 859 1219 885 me
1239 844 1312 885 ille
1342 845 1466 894 dicet,
1488 844 1682 899 quamvis

84 914 141 955 sit
161 913 417 968 ingeniosus,
440 915 488 951 ut
509 910 765 951 nonnullum
797 910 926 951 etiam
959 911 1011 951 de
1042 925 1116 951 suo
1148 909 1321 965 ingenio
1350 909 1560 965 judicium
1589 908 1684 949 fieri

84 978 326 1020 arbitretur.
388 976 446 1016 Te
480 990 593 1024 vero,
632 974 801 1024 Caecili,
838 975 1196 1029 quemadmodum
1227 974 1282 1016 sit
1314 974 1517 1023 elusurus,
1555 988 1684 1028 quam

85 1044 203 1085 omni
223 1042 387 1083 ratione
403 1041 652 1097 jactaturus,
676 1039 821 1081 videre
846 1040 938 1095 jam
957 1039 1127 1081 videor:
1158 1039 1321 1094 quoties
1341 1039 1414 1080 ille
1434 1039 1514 1080 tibi
1543 1043 1681 1093 potes-

84 1114 218 1150 tatem
238 1108 535 1162 optionemque
562 1105 750 1146 facturus
771 1105 826 1146 sit
846 1110 894 1146 ut
915 1105 1048 1160 eligas
1078 1110 1224 1146 utrum
1255 1105 1373 1155 velis,
1406 1104 1568 1145 factum
1597 1119 1684 1145 esse

84 1189 231 1223 necne,
253 1187 401 1214 verum
421 1186 509 1212 esse
530 1186 585 1211 an
606 1170 784 1221 falsum3
816 1175 961 1211 utrum
989 1170 1158 1220 dixeris,
1181 1171 1227 1211 id
1247 1174 1394 1211 contra
1414 1174 1457 1210 te
1478 1169 1681 1209 futurum.

86 1239 173 1285 Qui
206 1238 286 1279 tibi
317 1242 467 1286 aestus,
496 1235 570 1291 qui
602 1250 730 1284 error,
765 1250 872 1290 quae
904 1236 1115 1285 tenebrae,
1149 1235 1210 1276 dii
1239 1233 1525 1276 immortales!
1559 1238 1684 1274 erunt

85 1303 251 1345 homini
270 1302 446 1343 minime
466 1301 612 1342 malo?
665 1300 778 1346 Quid
800 1316 933 1355 quum
953 1300 1231 1341 accusationis
1252 1304 1350 1340 tuae
1371 1299 1561 1340 membra
1574 1299 1682 1340 divi—

85 1370 185 1410 dere
206 1367 401 1422 coeperit,
425 1371 467 1407 et
488 1367 534 1406 in
555 1365 703 1420 digitis
725 1365 809 1406 suis
831 1365 1021 1420 singulas
1042 1370 1183 1419 partes
1215 1379 1363 1406 causae
1395 1363 1650 1405 constituere
1665 1365 1685 1405 Ρ

86 1434 203 1481 Quid
230 1449 362 1489 quum
393 1431 715 1486 unumquidque
746 1430 995 1485 transigere,
1031 1430 1242 1484 expedire,
1278 1429 1526 1470 absolvere?
1586 1429 1685 1484 Ipse

85 1499 273 1556 profecto
294 1503 481 1539 metuere
501 1496 678 1551 incipies
698 1511 752 1537 ne
772 1496 990 1536 innocenti
1009 1495 1247 1550 periculum
1278 1495 1506 1536 facesseris.
1570 1494 1685 1540 Quid

84 1580 218 1620 quum
239 1563 535 1612 commiserari,
558 1561 771 1616 conqueri,
794 1565 836 1602 et
858 1577 910 1601 ex
931 1561 1047 1601 illius
1067 1560 1231 1601 invidia
1263 1560 1490 1601 deonerare
1523 1559 1686 1614 aliquid

85 1636 129 1671 et
150 1630 196 1670 in
216 1635 258 1670 te
278 1629 472 1684 trajicere
505 1626 701 1682 coeperit,
736 1641 1063 1667 commemorare
1090 1625 1324 1680 quaestoris
1360 1639 1456 1665 cum
1490 1629 1685 1679 praetore

905 1715 978 1745 best
994 1715 1114 1745 service
1129 1714 1205 1744 that
1221 1724 1240 1744 a
1250 1715 1486 1744 commentator
1499 1723 1559 1743 can
1568 1713 1686 1743 render

130 1720 226 1750 Nunc
250 1730 286 1748 ne
302 1718 386 1748 illud
403 1717 530 1757 quidem
553 1715 706 1756 cossim-53]
753 1715 863 1745 When

907 1758 933 1788 is
953 1760 988 1788 to
1011 1758 1148 1797 explain,
1165 1757 1259 1787 when
1277 1757 1317 1787 he
1339 1767 1409 1792 can,
1426 1757 1505 1786 such
1528 1756 1632 1786 words
1651 1766 1685 1786 as

85 1774 104 1793 a
120 1762 318 1803 proposition
334 1761 361 1791 is
377 1761 476 1800 going
492 1763 527 1790 to
542 1760 581 1789 be
597 1760 662 1789 laid
678 1759 782 1794 down,
793 1759 821 1788 it
836 1758 862 1788 is

85 1806 225 1837 Cicero's
255 1805 380 1834 fashion
409 1807 445 1834 to
476 1803 646 1833 introduce
676 1802 703 1832 it
733 1802 767 1831 in
796 1801 863 1831 this

84 1859 221 1879 manner
237 1849 278 1888 by
289 1848 346 1878 the
362 1847 451 1877 word
468 1846 587 1876 ‘illudss
626 1845 797 1885 Examples
809 1855 863 1874 are

84 1892 265 1923 abundant.

131 1937 183 1965 14.
207 1933 386 1974 opprimet]
434 1933 496 1963 ‘he
517 1932 583 1962 will
605 1942 703 1962 never
724 1930 865 1970 surprise

85 1979 160 2015 me,’
191 1978 288 2008 ‘take
318 1987 369 2007 me
399 1978 433 2006 at
461 1987 478 2006 a
506 1974 760 2014 disadvantagc.'
807 1973 864 2003 See

86 2023 161 2052 Act.
182 2021 214 2050 ii.
237 2020 308 2050 Lib.
326 2022 356 2050 3.
380 2030 406 2049 c.
431 2020 483 2055 91,
509 2023 615 2048 ‘mors
640 2016 864 2057 oppressit?—

87 2068 274 2103 ‘nunquam
292 2086 299 2092 .
318 2086 324 2093 .
343 2086 350 2093 .
366 2061 555 2103 pervertet,’
587 2061 646 2091 ‘he
671 2060 737 2090 will
766 2069 865 2089 never

86 2107 154 2146 trip
169 2117 221 2136 me
237 2106 301 2145 up?

126 2150 325 2190 potestatem
347 2146 586 2186 optionemque]
635 2149 644 2162 ‘
656 2146 744 2185 optio
761 2147 793 2175 et
809 2155 863 2185 po-

86 2192 211 2227 testas:
230 2191 269 2220 111
285 2190 361 2220 vat.
379 2200 405 2219 c.
423 2190 462 2221 17
473 2202 482 2226 ;
507 2190 613 2219 where
636 2189 693 2219 thc
716 2188 810 2218 order
833 2187 870 2217 of

87 2235 146 2266 the
161 2234 266 2264 words
281 2233 307 2262 is
323 2233 484 2262 different.
765 2257 768 2260 ⁴

133 2276 351 2307 accusationis
397 2277 473 2304 tuae
517 2273 659 2303 membra
703 2271 863 2312 dividere]

88 2321 188 2351 Klotz
214 2319 314 2349 refers
334 2320 369 2348 to
392 2318 449 2347 the
472 2316 636 2355 following
660 2325 808 2355 passages
830 2315 864 2344 in

87 2363 194 2394 which
205 2362 261 2392 the
271 2361 344 2390 skill
354 2360 390 2390 of
398 2359 592 2389 Hortensius
603 2359 635 2388 in
646 2358 865 2397 anatomizing

88 2418 108 2438 a
124 2416 216 2436 cause
232 2405 258 2434 is
268 2403 472 2433 mentioned:
499 2402 636 2438 Quintil.
650 2401 732 2430 Inst.
750 2400 805 2430 Or.
822 2400 864 2430 iv.

89 2451 108 2481 5
119 2462 129 2487 3
153 2447 292 2479 Cicero's
308 2446 513 2481 Hortensius,
531 2445 652 2484 quoted
669 2444 711 2484 by
728 2443 864 2479 Nonius,

88 2504 120 2534 p.
140 2492 222 2527 3643
247 2490 310 2520 and
332 2490 466 2524 Brutus,
484 2498 510 2518 c.
527 2489 578 2523 88,
601 2487 711 2517 “duas
735 2486 864 2526 quidem

88 2546 140 2566 res
166 2533 343 2575 (adtulerat
368 2532 406 2568 Q.
435 2529 643 2570 Hortensius)
669 2540 748 2569 quas
771 2539 865 2559 nemo

89 2579 170 2609 alius
183 2589 189 2606 :
213 2575 414 2616 partitiones,
426 2574 541 2614 quibus
552 2574 591 2603 de
608 2573 702 2603 rebus
718 2572 866 2602 dicturus

89 2622 183 2656 esset,
200 2622 233 2649 et
251 2618 462 2653 collectiones,
475 2627 597 2647 memor
613 2618 646 2646 et
663 2626 743 2655 quac
759 2617 866 2645 essent

89 2665 177 2694 dicta
203 2664 315 2691 contra
339 2670 483 2700 quaeque
506 2660 572 2699 ipse
602 2659 733 2688 dixisset
746 2658 766 2671 ’'
802 2658 865 2698 (ed.

89 2704 229 2746 Meyer).
262 2705 319 2734 See
343 2704 408 2733 also
432 2703 495 2733 Pro
518 2702 553 2732 P.
582 2702 727 2739 Quintio,
756 2711 783 2731 c.
811 2702 863 2736 10,

88 2750 151 2780 vol.
178 2748 230 2778 ii.:
260 2747 419 2776 “Faciam
444 2746 528 2785 quod
551 2748 584 2775 tc
609 2755 701 2784 saepe
722 2744 865 2774 animad-

88 2791 173 2822 verti
190 2791 305 2825 facere,
324 2789 477 2819 Hortensi
490 2801 498 2824 3
522 2790 626 2818 totam
648 2797 760 2817 causae
776 2796 865 2817 meae

88 2835 264 2866 dictionem
282 2834 386 2862 certas
402 2832 434 2861 in
450 2833 559 2871 partes
575 2830 744 2861 dividam''
762 2830 816 2860 &c.

133 2876 325 2915 transigsere,
353 2875 514 2914 arpedire,
543 2874 708 2905 absolvere
720 2872 749 2913 ?]
797 2872 865 2902 The

906 1801 1008 1837 these,
1025 1801 1059 1830 in
1075 1801 1180 1830 which
1203 1800 1259 1830 lies
1282 1800 1339 1830 the
1362 1802 1456 1839 great
1479 1799 1637 1839 difficulty
1654 1799 1691 1829 of

907 1844 965 1874 the
972 1844 1071 1874 Latin
1080 1844 1251 1883 langnage.
1268 1843 1423 1873 Asconius
1435 1843 1492 1872 has
1502 1842 1687 1882 attempted

908 1888 946 1923 it,
971 1887 1035 1917 and
1057 1887 1195 1926 perhaps
1217 1886 1257 1916 he
1280 1886 1338 1915 has
1362 1896 1450 1915 come
1472 1895 1550 1915 near
1572 1888 1608 1915 to
1628 1886 1686 1916 the

908 1940 997 1960 sense
1022 1930 1059 1959 of
1083 1929 1140 1959 the
1166 1939 1309 1969 passage.
1365 1933 1372 1945 ‘
1384 1928 1497 1964 What,
1521 1928 1616 1958 when
1645 1928 1686 1958 he

909 1973 991 2003 shall
1006 1972 1103 2013 begin
1120 1972 1201 2002 with
1217 1972 1295 2002 each
1311 1972 1432 2002 several
1448 1971 1531 2001 head
1544 1971 1594 2011 (of
1604 1981 1686 2012 your

909 2016 1054 2056 charge),
1065 2015 1254 2055 surnmarily
1266 2015 1403 2054 settling
1418 2024 1487 2050 one,
1501 2014 1687 2054 explaining

909 2070 1000 2099 away
1034 2058 1181 2094 another,
1217 2058 1360 2097 clearing
1391 2068 1481 2097 away
1515 2067 1534 2086 a
1572 2057 1685 2087 third.³

911 2106 919 2119 ‘
932 2102 1122 2141 Transigere
1132 2101 1141 2114 ³
1158 2101 1191 2130 in
1204 2101 1270 2130 this
1285 2110 1417 2140 passage
1433 2109 1532 2129 seems
1544 2101 1579 2129 to
1591 2110 1686 2129 mean

908 2147 944 2175 to
961 2148 969 2161 ‘
982 2145 1078 2174 se'ttle
1094 2154 1129 2173 or
1145 2144 1268 2183 dispose
1284 2143 1336 2172 of'
1352 2142 1528 2182 promptly,
1545 2144 1580 2172 at
1595 2152 1684 2178 once,

909 2188 951 2227 by
962 2187 1100 2226 directly
1112 2186 1256 2226 denying
1265 2196 1301 2215 or
1311 2185 1499 2224 admitting,
1510 2195 1546 2215 or
1555 2185 1589 2214 in
1599 2196 1685 2216 some

909 2240 1000 2269 way3
1027 2240 1061 2258 as
1084 2229 1119 2258 in
1143 2229 1217 2258 Act.
1244 2228 1277 2257 ii.
1301 2228 1372 2257 Lib.
1397 2229 1426 2257 4.
1451 2238 1477 2257 c.
1503 2228 1553 2263 16,
1579 2228 1687 2267 ‘quod

910 2272 1008 2302 verbo
1025 2271 1206 2310 transigere
1224 2271 1373 2311 possum.’
1419 2270 1487 2300 The
1503 2270 1602 2300 Latin
1617 2271 1685 2300 lan-

909 2324 1015 2355 guage
1029 2314 1087 2344 has
1103 2324 1121 2344 a
1136 2314 1229 2344 mode
1245 2314 1281 2343 of
1291 2313 1421 2353 dealing
1432 2313 1513 2343 with
1529 2314 1685 2353 generali-

908 2358 970 2388 ties
985 2357 1091 2386 which
1107 2357 1164 2386 the
1181 2356 1316 2396 English
1332 2356 1389 2385 has
1405 2358 1473 2386 not.
1506 2356 1573 2386 The
1586 2356 1686 2386 Latin

909 2400 1039 2430 reaches
1071 2400 1129 2429 the
1162 2399 1431 2439 understanding,
1461 2399 1522 2429 but
1544 2399 1572 2429 it
1595 2400 1686 2429 often

909 2443 1030 2473 refuses
1046 2443 1088 2472 all
1103 2442 1284 2482 expression
1300 2442 1333 2471 111
1349 2442 1486 2472 another
1500 2444 1633 2482 tongue,
1651 2444 1686 2472 at

909 2486 992 2516 least
1009 2486 1043 2515 in
1059 2495 1143 2515 ours.

942 2527 1152 2569 facesseris]
1200 2527 1432 2567 “faccessieris
1448 2527 1500 2568 Lg
1523 2528 1564 2558 29
1587 2529 1686 2567 atque

910 2572 957 2602 ita
972 2572 1007 2601 in
1022 2571 1213 2611 quibusdam
1230 2570 1320 2600 codd.
1340 2570 1510 2600 inventum
1533 2581 1599 2601 esse
1622 2572 1685 2601 tes-

909 2617 1003 2645 tatur
1034 2614 1133 2644 Prisc.
1164 2614 1185 2643 i.
1216 2624 1246 2653 p.
1279 2614 1351 2649 505,
1384 2613 1439 2653 qui
1469 2615 1580 2644 tamen
1612 2624 1685 2643 cum

910 2657 1076 2693 Diomede,
1094 2656 1208 2696 Capro,
1225 2655 1370 2686 Charisio
1389 2656 1525 2686 alteram
1548 2657 1686 2686 formam

910 2711 1007 2740 qnam
1037 2700 1069 2729 h.
1096 2699 1117 2729 1.
1148 2699 1263 2738 optimi
1294 2699 1385 2728 codd.
1416 2701 1564 2735 tuentur,
1595 2709 1685 2738 prae-

910 2743 1080 2773 ferendum
1107 2742 1248 2772 censet.”
1281 2742 1411 2771 Iordan.
1457 2742 1525 2772 But
1550 2741 1606 2772 the
1637 2751 1685 2772 re-

910 2786 1004 2826 gular
1019 2785 1103 2815 form
1119 2785 1226 2814 would
1240 2785 1279 2814 be
1297 2789 1305 2801 ‘
1315 2785 1513 2815 facessieris?

954 2828 1136 2868 quaestoris
1152 2838 1220 2857 cnm
1232 2827 1406 2868 praetore]
1454 2827 1565 2858 Cicero
1581 2837 1651 2856 uses
1668 2837 1687 2857 a

909 2872 1036 2907 climax,
1052 2881 1086 2901 as
1103 2871 1131 2901 it
1147 2871 1173 2900 is
1190 2870 1290 2901 called
1303 2883 1309 2900 :
1335 2874 1356 2888 “
1366 2871 1424 2901 the
1439 2870 1591 2900 intimate
1606 2869 1686 2900 rela-
