1849 3167
473 97 602 139 AGT.
635 96 699 138 II.
732 95 921 137 LIBER
953 95 1235 142 QUINTUS,
1580 97 1662 138 591

55 213 167 255 tium
196 212 322 253 modo
353 216 558 262 catervas,
590 227 722 267 quum
752 215 827 252 tua
857 226 924 252 res
954 215 1166 265 ageretur,
1190 211 1263 252 sed
1290 212 1342 253 ab
1363 211 1444 253 diis
1471 211 1669 254 manibus

55 278 348 320 innocentium
370 293 526 333 poenas
547 278 834 333 scelerumque
855 276 988 318 furias
1008 277 1055 317 in
1075 281 1199 317 tuum
1224 277 1436 332 judicium
1456 293 1543 319 esse
1563 293 1666 319 ven-

30 347 32 349 ’
56 350 198 385 turas:
222 359 309 385 sese
330 344 423 385 ideo
444 343 646 385 leviorem
667 359 788 384 suum
811 358 954 384 casum
974 342 1151 397 fingere,
1173 344 1285 397 quod
1301 343 1392 399 jam
1414 350 1512 386 ante
1533 345 1668 386 aciem

56 409 267 451 securium
298 415 468 450 tuarum
492 409 710 464 Sextiique
743 409 807 450 tui
834 408 1045 450 carnificis
1070 408 1239 450 vultum
1265 414 1306 449 et
1332 424 1508 450 manum
1534 410 1664 451 vidis-

56 480 131 524 set,
155 490 286 530 quum
315 475 363 516 in
393 480 605 516 conventu
625 474 784 516 civium
813 474 1106 516 Romanorum
1131 473 1254 529 jussu
1283 479 1357 515 tuo
1388 475 1524 516 securi
1554 476 1667 517 cives

56 539 243 581 Romani
273 540 531 581 ferirentur?
591 540 659 581 Ne
686 539 835 589 multa,
863 540 1041 596 judices,
1067 539 1266 581 libertate
1294 555 1421 595 quam
1446 556 1520 581 vos
1545 541 1666 582 sociis

57 606 247 655 dedistis,
281 606 362 647 hac
397 606 471 647 ille
502 606 549 646 in
590 605 857 647 acerbissimo
898 604 1106 660 supplicio
1146 605 1409 647 miserrimae
1449 606 1666 648 servitutis

57 672 210 712 abusus
231 676 306 712 est.
367 671 532 712 XLIV.
557 670 822 713 Condemnat
835 686 980 712 omnes
1001 671 1053 712 de
1075 671 1241 712 consilii
1262 671 1497 714 sententia:
1522 677 1666 714 tamen

57 751 195 791 neque
226 737 306 777 iste
335 736 380 778 in
412 742 533 778 tanta
563 752 621 786 re,
652 742 717 777 tot
746 737 971 777 hominum
1001 752 1137 786 causa,
1160 736 1207 777 T.
1231 737 1427 778 Vettium
1457 738 1511 778 ad
1531 754 1574 779 se
1599 754 1664 780 ar-

57 802 193 851 cessit,
218 808 485 857 quaestorem
505 817 641 852 suum,
666 802 786 858 cujus
807 802 982 844 consilio
1002 807 1207 852 uteretur,
1224 817 1362 858 neque
1383 802 1431 844 P.
1452 803 1663 855 Cervium,

57 867 187 909 talem
208 869 361 918 virum,
384 868 588 923 legatum,
605 868 692 923 qui,
710 868 810 923 quia
831 867 999 923 legatus
1020 868 1101 909 isto
1121 873 1315 923 praetore
1335 868 1380 908 in
1403 867 1547 910 Sicilia
1567 869 1664 920 fuit,

56 932 219 988 primus
261 934 313 974 ab
353 933 434 975 isto
463 934 598 989 judex
632 933 813 989 reJectus
844 938 919 982 est,
952 933 1025 974 sed
1055 934 1106 974 de
1136 933 1363 983 latronum,
1395 934 1475 975 hoc
1506 941 1580 984 est,
1613 936 1665 976 de

58 998 262 1039 001111111111
293 1014 464 1040 suorum
494 999 718 1048 sententia,
742 999 995 1040 condemnat
1025 1013 1182 1039 omnes.
1244 998 1329 1040 Hic
1355 1000 1498 1041 cuncti
1518 1000 1663 1051 Siculi,

57 1063 294 1105 fidelissimi
315 1070 443 1119 atque
465 1064 752 1119 antiquissimi
772 1064 886 1113 socii,
911 1063 1105 1118 plurimis
1127 1063 1265 1105 affecti
1296 1065 1509 1106 beneficiis
1531 1082 1554 1107 a
1575 1082 1663 1108 ma-

52 1129 217 1184 j0ribus
241 1130 410 1178 nostris,
435 1130 624 1184 graviter
644 1133 964 1170 commoventur
986 1134 1028 1170 et
1049 1129 1101 1169 de
1126 1129 1212 1170 suis
1239 1130 1439 1184 periculis
1463 1131 1664 1173 fortunis-

57 1209 139 1249 que
160 1194 355 1235 omnibus
376 1195 693 1249 pertimescunt.
746 1194 934 1249 Indigne
950 1194 1095 1235 ferunt
1115 1194 1235 1235 illam
1256 1195 1524 1237 clementiam
1546 1211 1665 1237 man-

57 1259 410 1314 suetudinemque
429 1260 566 1300 nostri
596 1259 767 1314 imperii
796 1265 963 1300 tantam
992 1259 1038 1300 111
1059 1259 1355 1301 crudelitatem
1374 1261 1665 1304 inhumanita-

56 1330 227 1379 temque
260 1339 348 1365 esse
383 1340 654 1366 conversam:
696 1325 973 1366 condemnari
1011 1330 1076 1366 tot
1115 1325 1308 1367 homines
1343 1341 1428 1368 uno
1463 1332 1665 1382 tempore,

57 1390 176 1431 nullo
211 1389 414 1440 crimine3
456 1389 746 1431 defensionem
787 1406 958 1432 suorum
991 1390 1203 1432 furtorum
1239 1397 1477 1447 praetorem
1508 1393 1666 1448 impro-

57 1456 160 1496 bum
180 1470 234 1496 ex
253 1455 555 1511 indignissima
576 1462 712 1497 morte
731 1456 1026 1498 innocentium
1039 1472 1253 1512 quaerere.
1315 1457 1440 1499 Nihil
1461 1459 1561 1500 addi
1576 1460 1668 1515 jam

57 1521 240 1571 videtur,
258 1521 437 1577 judices,
460 1521 515 1562 ad
535 1521 646 1563 hanc
666 1521 997 1577 improbitatem,
1021 1522 1266 1572 amentiam,
1289 1523 1669 1579 crudelitatemque

58 1601 202 1640 posse:
246 1591 288 1627 et
318 1592 432 1628 recte
462 1587 574 1628 nihil
603 1587 786 1629 videtur.
847 1588 963 1630 Nam
992 1588 1028 1630 si
1058 1604 1154 1630 cum
1186 1588 1365 1630 aliorum
1395 1589 1668 1644 improbitate

59 1656 203 1700 certet,
225 1651 354 1706 longe
375 1667 519 1694 omnes
540 1652 809 1708 multumque
841 1654 1069 1708 superavit.
1132 1653 1283 1695 Secum
1313 1655 1402 1709 ipse
1433 1661 1590 1697 certat:
1623 1655 1668 1697 id

59 1717 151 1772 agit
171 1722 218 1758 ut
240 1732 404 1771 semper
429 1718 621 1772 superius
646 1733 769 1759 suum
794 1718 959 1760 facinus
986 1734 1095 1760 novo
1118 1719 1272 1761 scelere
1293 1720 1448 1761 vincat.
1510 1720 1666 1761 Phala-

59 1797 178 1824 crum
211 1781 540 1837 Centuripinum
567 1783 759 1824 dixeram
788 1789 1013 1839 exceptum
1038 1799 1125 1825 esse
1155 1800 1178 1825 a
1211 1784 1446 1834 Cleomene,
1479 1786 1591 1840 quod
1621 1786 1667 1826 in

59 1848 148 1904 ejus
178 1847 439 1903 quadriremi
470 1847 716 1890 Cleomenes
741 1854 886 1890 vectus
913 1854 1045 1899 esset3
1078 1855 1222 1890 tamen
1253 1849 1351 1905 quia
1388 1851 1667 1905 pertimuerat

60 1913 314 1962 adolescens,
347 1913 461 1968 quod
489 1913 667 1954 eandem
692 1928 810 1954 suam
835 1929 1005 1955 causam
1030 1914 1202 1955 videbat
1227 1929 1314 1956 esse
1341 1930 1469 1970 quam
1495 1915 1665 1958 illorum

60 1978 134 2034 qui
154 1978 399 2019 innocentes
420 1978 630 2033 peribant,
653 1979 816 2020 accedit
837 1980 891 2020 ad
910 1979 1126 2020 hominem
1149 1979 1462 2022 Timarchides:
1486 1997 1510 2022 a
1531 1983 1666 2024 securi

60 2049 191 2099 negat
221 2058 308 2084 esse
339 2043 377 2084 ei
408 2043 668 2098 periculu1n;
711 2044 846 2098 virgis
879 2060 933 2086 ne
969 2045 1213 2086 caederetur
1244 2052 1388 2086 monet
1421 2052 1467 2088 111
1504 2054 1662 2089 caveat.

61 2109 128 2150 Ne
155 2108 302 2158 multa,
332 2108 472 2163 ipsum
497 2108 635 2150 dicere
665 2109 973 2152 adolescentem
1001 2109 1178 2151 audistis
1205 2125 1248 2152 se
1276 2111 1328 2152 ob
1358 2111 1472 2153 1111110
1502 2119 1664 2154 1110111111

107 2248 227 2279 abusus
243 2247 319 2289 est]
358 2248 392 2278 It
418 2250 507 2278 1111151
534 2249 592 2278 not
620 2248 658 2279 be
684 2248 842 2279 rendered
887 2249 970 2279 from
1003 2249 1054 2285 V;
1079 2249 1225 2288 ‘indigni
1258 2250 1366 2281 ferunt
1382 2251 1389 2263 ’
1423 2251 1450 2281 R
1468 2253 1498 2282 3.
1545 2253 1665 2293 Zumpt

64 2291 226 2322 ‘abused.’
279 2291 312 2322 lt
337 2291 373 2328 15,
399 2302 433 2322 as
466 2291 635 2321 llotmann
666 2302 749 2332 says,
782 2292 843 2322 ‘ad
887 2293 984 2323 omits
1001 2292 1153 2331 ‘indigne
1168 2294 1303 2329 leruntss
1319 2305 1353 2324 as
1369 2295 1467 2334 being
1492 2296 1548 2326 the
1574 2297 1663 2327 addi-

63 2337 247 2365 extremum
278 2345 366 2371 usus,
392 2337 429 2365 ut
456 2334 537 2364 nibil
565 2334 679 2375 reliqui
705 2335 842 2366 feeerit.'
887 2336 956 2366 tion
973 2336 1010 2365 of
1021 2346 1108 2366 some
1125 2347 1239 2376 person
1256 2337 1328 2367 who
1344 2339 1474 2369 wanted
1490 2343 1524 2369 to
1537 2340 1664 2380 explain

65 2380 124 2409 See
142 2378 214 2408 Lib.
232 2379 261 2408 1.
279 2388 305 2408 e.
323 2380 353 2413 9,
371 2380 456 2408 note.
884 2379 942 2409 the
967 2390 1022 2409 use
1049 2380 1086 2409 of
1107 2379 1164 2410 the
1189 2379 1360 2417 infinitivo,
1377 2381 1441 2411 and
1461 2386 1518 2422 yet
1535 2383 1590 2413 did
1607 2387 1664 2414 not

107 2422 160 2451 44.
188 2421 222 2451 T.
247 2420 402 2461 Vettium]
448 2425 455 2437 ‘
470 2420 504 2450 l'.
522 2420 691 2450 Vettium’
709 2421 839 2462 Zumpt,
885 2422 1013 2462 explain
1044 2423 1071 2453 it
1096 2422 1197 2463 right.
1246 2423 1362 2464 l’eople
1388 2425 1467 2456 view
1496 2426 1553 2457 the
1577 2438 1663 2458 same

64 2463 176 2494 Orelli.
222 2463 290 2494 But
317 2464 454 2502 Madvig
478 2464 592 2497 shows,
614 2463 656 2504 by
682 2465 842 2505 referring
886 2466 999 2506 things
1026 2466 1059 2496 iu
1084 2466 1236 2497 different
1261 2478 1359 2508 ways.
1407 2468 1561 2499 Ibelieve
1588 2470 1662 2501 that

64 2510 100 2538 to
117 2507 188 2537 Lib.
205 2508 236 2537 3.
253 2518 280 2537 0.
291 2507 343 2543 71,
356 2507 409 2543 72,
422 2507 497 2537 that.
514 2507 570 2537 the
587 2507 721 2538 brother
736 2509 773 2538 01·
784 2509 840 2539 the
885 2509 943 2539 the
974 2509 1077 2539 words
1107 2520 1161 2539 are
1192 2510 1343 2549 genuine.
1403 2512 1503 2542 Orelli
1541 2513 1663 2543 lbllows

65 2550 259 2590 ‘quaestor'
291 2561 356 2580 was
386 2550 503 2580 named
536 2549 571 2579 P.
604 2550 746 2587 Vettius,
777 2552 841 2582 und

64 2593 228 2624 therefore
243 2592 300 2623 the
314 2593 494 2633 ‘quaestor’
511 2593 575 2623 had
588 2593 725 2624 another
737 2604 840 2625 name.

65 2636 140 2666 And
165 2635 231 2666 this
259 2635 284 2665 is
300 2636 477 2666 confirmed
495 2636 536 2676 by
557 2636 583 2665 lt
600 2647 648 2676 pr.
665 2647 719 2672 m„
737 2637 841 2668 which

65 2679 122 2709 has
151 2681 224 2709 ‘tot
251 2678 430 2709 hominum.
457 2682 481 2709 t.
506 2679 670 2709 veeeium'
687 2680 737 2719 (T.
764 2680 842 2712 Vet-

64 2721 175 2757 tium).
229 2721 298 2751 The
329 2722 418 2752 word
449 2722 586 2752 ‘eausa'
617 2723 643 2752 is
673 2723 784 2763 placed
809 2725 842 2755 in

64 2764 217 2795 brackets
233 2764 274 2804 by
292 2764 403 2800 Orelli,
431 2765 495 2795 and
520 2765 658 2806 perhaps
682 2767 709 2798 it
735 2767 840 2808 ought

64 2811 101 2839 to
116 2808 155 2838 be
171 2807 321 2838 omitted.
369 2807 488 2838 Iordan
505 2809 602 2839 omits
618 2809 655 2840 it.

110 2850 374 2890 Indiqnefemm!
392 2850 502 2891 illam]
536 2855 545 2869 ‘
557 2851 696 2892 Indigno
707 2853 817 2885 ferunt
832 2854 839 2866 ’

886 2552 1016 2592 Zumpt.
1048 2552 1137 2583 Next
1155 2563 1200 2583 we
1217 2553 1298 2583 have
1318 2554 1444 2585 Ernesti
1462 2556 1663 2595 quarrelling

886 2596 966 2626 with
991 2595 1048 2626 the
1072 2596 1176 2626 words
1200 2600 1254 2627 ‘et
1286 2601 1374 2627 reete
1405 2598 1484 2628 nihil
1509 2598 1662 2635 videtur‚'

887 2639 992 2669 which
1010 2639 1128 2679 Zumpt
1146 2639 1289 2670 defends,
1336 2640 1472 2680 Madvig
1498 2652 1663 2682 compares

888 2682 960 2712 Lib.
995 2684 1024 2712 3.
1059 2693 1085 2712 0.
1120 2683 1172 2717 72,
1213 2685 1265 2713 ‘et
1299 2687 1386 2713 recte
1422 2694 1485 2714 non
1520 2686 1662 2724 putant?

888 2726 946 2756 See
976 2725 1042 2756 also
1074 2725 1144 2755 Lib.
1178 2726 1206 2755 1.
1235 2737 1261 2755 0.
1290 2728 1319 2761 5,
1346 2730 1398 2757 ‘et
1429 2731 1517 2758 recte
1542 2729 1662 2768 putat,⁸

884 2769 949 2799 and
965 2769 1022 2799 the
1037 2771 1124 2798 note.

931 2810 1058 2852 Secum]
1096 2811 1119 2840 V
1131 2823 1141 2848 ;
1166 2815 1173 2827 ‘
1185 2811 1239 2842 sed
1256 2822 1329 2842 eum
1342 2813 1349 2825 ’
1364 2813 1419 2844 R3
1431 2827 1439 2850 ς
1457 2819 1464 2831 ⁸
1475 2814 1530 2845 sed
1542 2815 1661 2845 seeum'

885 2855 980 2891 dett.¹
997 2854 1102 2885 which
1119 2864 1174 2885 are
1190 2855 1348 2897 certainly
1364 2856 1422 2887 the
1438 2868 1538 2889 worse
1554 2858 1640 2888 here.
