1849 3167
121 109 204 152 572
704 106 773 150 IN
804 106 849 149 O.
882 105 1138 148 VERREM

120 223 375 279 Lilybaeum
394 221 581 263 fortasse.
642 221 779 263 Video
798 237 806 263 :
839 226 983 262 tamen
1003 219 1197 261 homines
1217 217 1453 260 maritimos
1479 235 1565 262 non
1595 220 1722 276 plane

120 289 380 331 reformidat.
424 287 617 337 Minime,
636 287 813 343 judices.
857 286 1151 327 Panhormum
1166 284 1338 340 igitur?
1378 284 1547 326 Audio:
1577 301 1722 341 quam-

121 370 250 410 quam
270 353 501 410 Syracusis,
535 354 736 408 quoniam
767 352 813 392 in
846 351 1111 406 Syracusano
1137 355 1284 404 captus
1317 355 1421 399 erat,
1457 351 1655 401 maxime,
1688 351 1723 392 si

120 420 262 461 minus
297 419 503 474 supplicio
536 418 657 467 affici,
693 422 736 458 at
777 416 979 457 custodiri
1020 415 1252 471 oportebat.
1326 415 1393 455 Ne
1433 414 1724 456 Panhormum

121 485 305 540 quidem.
381 484 474 530 Quo
509 483 676 538 igitur?
708 497 790 537 quo
825 481 1022 537 putatis?
1093 481 1165 521 Ad
1199 480 1392 521 homines
1425 495 1449 520 a
1488 480 1725 535 piratarum

120 556 238 592 metu
268 555 310 591 et
340 549 574 604 suspicione
607 547 897 597 alienissimos,
930 563 954 588 a
983 546 1227 602 navigando
1260 546 1467 600 rebusque
1499 545 1725 587 maritimis

121 615 434 664 remotissimos,
477 615 531 655 ad
572 612 884 667 Centuripinos,
925 612 1118 653 homines
1158 611 1343 652 maxime
1382 611 1723 661 mediterraneos,

122 696 306 722 summos
328 685 524 726 aratores,
557 677 632 733 qui
661 692 817 718 nomen
846 692 1067 732 nunquam
1096 676 1338 718 timuissent
1367 676 1575 716 maritimi
1603 684 1737 730 prae?

122 747 256 796 donis,
280 760 413 786 unum
434 749 476 785 te
496 748 689 798 praetore
709 742 973 784 horruissent
994 742 1249 797 Apronium,
1271 746 1516 782 terrestrem
1537 741 1724 795 archipi-

121 817 270 853 ratam.
331 811 389 851 Et
410 815 457 850 ut
478 808 618 864 quivis
640 807 764 849 facile
785 808 1042 863 perspiceret
1063 807 1108 848 id
1129 808 1182 848 ab
1202 807 1283 848 isto
1313 811 1455 848 actum
1477 822 1564 848 esse
1584 812 1632 847 ut
1653 806 1726 848 ille

121 876 362 931 suppositus
394 875 518 916 facile
539 878 581 915 et
602 874 785 915 libenter
806 888 848 914 se
868 873 992 914 illum
1025 872 1099 928 qui
1131 888 1218 914 non
1250 877 1340 914 erat
1372 888 1460 914 esse
1493 872 1724 922 simularet,

121 943 304 996 imperat
325 939 616 995 Centuripinis
637 943 685 980 ut
706 939 741 980 is
762 938 881 980 victu
901 938 1135 994 ceterisque
1152 938 1276 979 rebus
1289 953 1417 993 quam
1432 937 1726 979 liberalissime

121 1007 540 1061 commodissimeque
561 1005 855 1057 adhiberetur⁷

179 1072 401 1114 XXVIII.
425 1072 598 1112 Interea
619 1069 886 1126 Syracusani,
909 1068 1104 1110 homines
1126 1067 1253 1124 periti
1274 1073 1316 1109 et
1336 1068 1526 1118 humani,
1545 1068 1619 1124 qui
1639 1083 1727 1109 non

121 1140 245 1181 modo
267 1154 315 1179 ea
336 1153 442 1193 quae
463 1136 687 1192 perspicua
708 1141 847 1177 essent
867 1135 1023 1184 videre,
1039 1150 1189 1176 verum
1202 1134 1331 1175 etiam
1344 1134 1508 1175 occulta
1523 1133 1728 1189 suspicari

122 1210 305 1260 possent,
337 1204 553 1244 habebant
583 1201 793 1243 rationem
823 1215 967 1242 omnes
998 1200 1188 1255 quotidie
1218 1199 1456 1254 piratarum
1486 1199 1560 1255 qui
1591 1199 1728 1240 securi

123 1270 381 1319 ferirentur;
414 1283 542 1323 quam
561 1267 717 1307 multos
747 1281 834 1307 esse
859 1270 1073 1321 oporteret
1094 1280 1147 1306 ex
1168 1265 1259 1319 ipso
1289 1265 1464 1320 navigio
1494 1265 1607 1320 quod
1637 1270 1728 1306 erat

124 1340 297 1390 captum
317 1339 360 1374 et
380 1348 433 1374 ex
453 1347 665 1373 remorum
686 1346 864 1372 numero
886 1329 1181 1385 conjiciebant.
1234 1329 1335 1379 Iste,
1359 1330 1472 1384 quod
1492 1345 1637 1370 omnes
1653 1330 1728 1385 qui

124 1400 295 1442 artificii
315 1398 477 1453 aliquid
497 1397 735 1438 habuerant
756 1400 829 1436 aut
850 1395 1009 1436 formae
1034 1393 1293 1450 [removerat
1309 1393 1457 1450 atque]
1478 1395 1726 1444 abduxerat,

124 1465 307 1520 reliquos
338 1463 386 1512 si,
417 1467 466 1503 ut
496 1461 752 1503 consuetudo
783 1465 858 1510 est,
890 1460 1110 1501 universos
1141 1459 1195 1500 ad
1221 1459 1368 1514 palum
1389 1459 1620 1514 alligasset,
1642 1460 1727 1501 cla-

124 1545 286 1572 morem
305 1528 452 1584 populi
481 1527 571 1568 fore
602 1527 905 1581 suspicabatur,
928 1540 1061 1580 quum
1081 1529 1202 1565 tanto
1223 1524 1366 1579 plures
1388 1525 1560 1566 abducti
1590 1531 1729 1566 essent

125 1610 254 1652 quam
283 1594 433 1635 relicti.
495 1593 676 1647 Propter
705 1592 816 1632 hanc
847 1605 1027 1639 causam,
1061 1605 1193 1645 quum
1223 1589 1477 1630 instituisset
1512 1589 1614 1631 alios
1646 1590 1729 1631 alio

125 1667 314 1715 tempore
343 1659 587 1714 producere,
619 1662 764 1698 tamen
793 1656 840 1696 in
869 1660 990 1696 tanto
1020 1659 1234 1695 conventu
1262 1669 1387 1695 nemo
1417 1659 1509 1695 erat
1539 1654 1614 1710 qui
1642 1669 1730 1696 non

126 1726 335 1768 rationem
354 1738 663 1777 numerumque
683 1722 871 1770 haberet,
895 1725 937 1761 et
959 1719 1144 1774 reliquos
1173 1734 1258 1760 non
1290 1719 1547 1760 desideraret
1579 1720 1727 1770 solum,

127 1792 200 1833 sed
221 1791 349 1832 etiam
375 1793 564 1845 posceret
585 1793 626 1828 et
647 1786 874 1841 flagitaret.
938 1785 1081 1831 Quum
1109 1799 1292 1840 magnus
1322 1799 1523 1825 numerus
1554 1785 1727 1835 deesset,

126 1863 220 1898 tum
249 1856 328 1897 iste
357 1855 483 1896 homo
513 1852 702 1894 nefarius
731 1852 777 1892 in
807 1866 954 1892 eorum
984 1850 1137 1899 locum,
1170 1865 1273 1905 quos
1315 1850 1488 1890 domum
1527 1865 1646 1890 suam
1676 1850 1727 1891 de

126 1922 276 1978 piratis
306 1921 553 1968 abduxerat,
586 1917 838 1960 substituere
869 1921 912 1957 et
942 1931 1177 1971 supponere
1209 1914 1347 1970 coepit
1371 1914 1483 1956 cives
1513 1914 1727 1956 Romanos

177 2078 276 2109 Video
294 2101 301 2108 .
319 2077 494 2118 .Auclio:]
543 2076 601 2106 See
627 2075 700 2106 Lib.
731 2076 761 2105 2.
793 2085 819 2105 c.
851 2074 903 2111 60,

126 2124 204 2153 note
220 2132 261 2152 011
278 2126 286 2138 ‘
299 2121 417 2157 audio‚'
433 2120 539 2150 which
555 2120 582 2149 is
604 2118 779 2159 misplaced
801 2118 905 2148 under

994 2072 1193 2114 [removerat
1209 2070 1323 2112 atque]
1339 2070 1354 2112 ]

993 2118 1087 2146 tanto
1098 2115 1233 2156 plures]
1281 2114 1452 2145 Hotmann
1476 2114 1589 2144 thinks
1614 2118 1623 2131 ‘
1633 2116 1728 2144 tanto

1401 2070 1551 2101 Omitted
1565 2071 1608 2111 by
1624 2071 1655 2101 R
1665 2073 1695 2101 3.

128 2176 155 2195 e.
173 2166 223 2196 59.
270 2164 427 2204 Compare
450 2164 516 2194 also
540 2163 604 2193 Pro
627 2162 659 2192 S.
676 2162 771 2192 Rose.
786 2162 860 2191 Am.
877 2171 905 2191 c.

129 2210 181 2245 18,
199 2208 263 2238 and
279 2218 305 2238 c.
322 2209 374 2238 21.

171 2249 455 2290 mediterraneos,]
509 2249 574 2279 Yet
596 2249 688 2278 these
711 2247 906 2278 Mediterra-

127 2305 212 2324 nean
238 2304 323 2330 men,
352 2292 491 2322 ‘summi
520 2291 687 2327 aratores,'
712 2290 859 2330 supplied
889 2300 908 2319 a

130 2337 179 2367 shi
204 2360 212 2373 ,
230 2347 257 2366 c.
274 2338 326 2366 33.

174 2348 411 2418 ciiihiberetur]
457 2377 517 2407 Ra
541 2382 573 2407 λ.
619 2376 681 2416 Lg.
698 2376 739 2406 29
757 2375 815 2405 has
832 2375 907 2404 ‘ha-

128 2421 284 2453 beretur.’
330 2419 589 2450 ‘Adhiberetur'
611 2419 637 2448 is
659 2419 737 2448 thus
764 2417 842 2447 used
864 2417 908 2457 by

130 2465 253 2501 Cicero,
270 2463 323 2494 Ad
337 2464 410 2493 Att.
427 2473 457 2492 x.
475 2464 535 2498 12;
552 2461 604 2491 Ad
620 2461 658 2497 Q.
676 2461 730 2490 Fr.
747 2460 767 2489 i.
785 2461 814 2489 1.
832 2470 858 2489 c.
876 2461 906 2495 5,

130 2512 229 2548 ‘quos
255 2517 314 2547 ego
340 2506 505 2536 universos
536 2503 682 2534 adhiberi
707 2502 906 2533 liberaliter'

130 2552 186 2582 &c.
219 2549 377 2590 (Zumpt.)
424 2547 581 2578 Graevius
613 2548 730 2585 ‘negat
760 2555 792 2575 se
821 2545 907 2575 ferre

129 2594 241 2634 posse’
265 2593 323 2623 the
348 2590 538 2622 ‘adhibere’
562 2590 597 2619 in
620 2588 686 2619 Cic.
710 2588 762 2618 Ad
784 2588 856 2617 Att.
876 2598 906 2617 x.

131 2639 172 2667 12
183 2650 192 2673 ;
215 2637 276 2666 but
299 2636 339 2665 he
354 2637 443 2665 must
465 2636 526 2674 put
549 2643 593 2672 up
608 2632 689 2662 with
705 2631 743 2667 it,
760 2630 908 2660 whether

130 2680 171 2710 he
188 2679 253 2709 will
272 2689 308 2708 or
331 2680 400 2708 not.
446 2676 547 2707 Orelli
562 2675 684 2706 follows
701 2674 831 2713 Zumpt,
848 2673 909 2703 but

132 2723 276 2752 ‘invitus
292 2721 414 2761 paene?

174 2766 225 2796 28.
256 2764 361 2804 periti
391 2766 423 2793 et
451 2761 612 2802 humani‚]
675 2758 905 2800 Experienced,

131 2807 236 2838 elever
260 2807 393 2847 people:
425 2809 509 2837 ‘non
538 2803 669 2836 barbari
697 2805 732 2834 et
761 2801 906 2834 indocti?

131 2849 311 2881 Manutius.

951 2159 1079 2200 plures,'
1106 2163 1114 2175 ‘
1127 2169 1161 2189 so
1184 2168 1283 2198 many
1305 2157 1417 2193 more,'
1440 2157 1541 2187 won't
1563 2157 1614 2187 do.
1659 2157 1729 2187 But

951 2203 978 2233 it
1005 2203 1031 2232 is
1054 2212 1114 2232 one
1137 2202 1174 2232 of
1196 2202 1253 2231 the
1275 2203 1362 2230 most
1385 2200 1537 2240 ordinary
1560 2199 1672 2239 things
1695 2200 1730 2229 in

952 2246 1008 2276 the
1025 2245 1125 2275 Latin
1144 2245 1307 2284 language
1327 2245 1362 2273 to
1381 2253 1437 2272 use
1458 2246 1466 2259 ‘
1478 2243 1596 2278 tanto‚'
1618 2243 1730 2279 ‘tam,'

953 2292 962 2305 ‘
974 2289 1043 2324 ita,'
1061 2288 1094 2317 in
1110 2287 1177 2317 this
1187 2297 1256 2326 way
1267 2288 1302 2316 to
1317 2295 1445 2325 express
1460 2295 1479 2314 a
1495 2288 1589 2324 great
1601 2285 1729 2325 degree,

953 2331 1094 2361 without
1118 2328 1282 2369 ‘quanto,’
1304 2327 1441 2368 ‘quam,'
1462 2338 1498 2358 or
1515 2328 1592 2358 ‘ut'
1608 2328 1729 2359 follow-

952 2374 1019 2412 ing.
1066 2373 1106 2402 In
1123 2382 1149 2402 c.
1160 2373 1202 2402 29
1219 2375 1227 2388 ‘
1240 2373 1335 2401 tanto
1349 2370 1444 2410 post?
1489 2371 1557 2401 The
1569 2371 1730 2411 objection

952 2416 987 2446 in
1009 2416 1076 2446 this
1092 2415 1227 2454 chapter
1247 2414 1273 2443 is
1296 2414 1433 2454 perhaps
1451 2414 1571 2454 merely
1587 2414 1731 2445 founded

953 2469 993 2489 on
1016 2458 1074 2488 the
1090 2457 1308 2497 comparative
1332 2461 1340 2473 ‘
1353 2457 1480 2496 plures'
1503 2457 1601 2497 being
1618 2457 1731 2498 joined

951 2501 1032 2531 with
1049 2504 1058 2517 ‘
1070 2502 1165 2530 tanto
1178 2500 1198 2536 ;'
1222 2500 1282 2530 but
1298 2499 1355 2530 the
1371 2500 1533 2540 objection
1555 2500 1582 2530 is
1597 2503 1656 2531 not
1671 2501 1729 2531 the

951 2547 1102 2583 stronger
1117 2543 1167 2573 for
1183 2543 1258 2573 that
1274 2553 1396 2573 reason.

995 2597 1084 2616 nermo
1101 2588 1175 2616 erat
1192 2586 1247 2626 qui
1267 2585 1347 2626 non]
1395 2585 1426 2615 R
1448 2585 1480 2615 V
1501 2586 1583 2616 have
1607 2586 1729 2626 ‘quin’

952 2629 1002 2659 for
1018 2633 1027 2646 ‘
1037 2629 1092 2669 qui
1113 2629 1199 2659 non.'
1232 2629 1261 2658 V
1277 2629 1343 2659 also
1358 2629 1455 2658 omits
1472 2632 1481 2645 ‘
1493 2631 1526 2658 et
1543 2628 1709 2669 flagitaret
1719 2629 1729 2642 '

953 2675 988 2702 at
1012 2672 1069 2703 the
1085 2672 1148 2702 end
1163 2672 1200 2702 of
1218 2672 1275 2702 the
1291 2671 1529 2702 sentence—V
1549 2671 1606 2701 has
1631 2675 1729 2712 ‘quos

955 2726 1064 2745 cervos
1089 2715 1123 2745 in
1150 2725 1311 2745 carcerem
1322 2715 1342 2751 ς’
1381 2714 1445 2745 and
1469 2714 1548 2750 Mai,
1576 2714 1648 2745 who
1675 2715 1729 2745 be-

951 2758 1048 2789 lieves
1072 2758 1124 2788 his
1151 2758 1250 2788 codex
1271 2760 1306 2788 to
1321 2757 1361 2787 be
1384 2757 1552 2793 infaIIibIe,
1565 2767 1601 2787 or
1616 2757 1730 2798 nearly

951 2811 995 2837 so,
1011 2801 1121 2831 writes
1142 2804 1150 2817 ‘
1161 2811 1240 2841 quos
1256 2799 1383 2836 certos:
1398 2800 1506 2831 which
1522 2800 1539 2830 I
1560 2800 1652 2831 don't
1675 2800 1728 2831 be-

951 2844 1033 2874 lieve
1048 2846 1083 2874 to
1098 2844 1138 2874 be
1154 2843 1254 2874 Latin
1269 2853 1305 2874 or
1321 2853 1421 2874 sense.
