1849 3167
137 109 222 155 586
721 111 791 153 IN
823 110 868 152 C.
901 108 1157 152 VERREM

136 229 321 270 Accusat
343 242 412 268 eos
433 226 545 282 quod
566 225 773 282 ejusmodi
800 240 1013 267 sermones
1033 225 1085 265 de
1107 239 1150 266 se
1169 223 1424 266 habuerint:
1456 230 1580 281 rogat
1599 230 1648 267 ut
1673 225 1739 282 [id

135 294 274 336 facere
295 293 514 343 desistant,
537 291 600 347 et]
626 292 673 333 in
703 307 777 332 sua
807 291 986 346 quisque
1017 290 1131 331 dicat
1160 290 1262 331 navi
1292 305 1335 331 se
1355 294 1525 332 tantum
1543 291 1739 334 habuisse

135 366 364 401 nautarum
398 362 608 414 quantum
640 356 887 412 oportuerit,
923 371 1060 411 neque
1093 370 1350 410 quemquam
1385 371 1472 397 esse
1504 356 1737 398 dimissum.

136 425 211 466 Illi
232 425 448 466 enimvero
470 439 512 465 se
533 423 763 464 ostendunt
783 422 897 477 quod
917 421 1046 462 vellet
1067 436 1154 462 esse
1170 420 1366 462 facturos.
1429 421 1517 462 Iste
1537 437 1623 462 non
1643 437 1738 477 pro-

136 491 364 532 crastinat:
397 490 574 531 advocat
604 487 758 529 amicos
789 487 958 529 statim:
991 487 1158 542 quaerit
1189 501 1242 527 ex
1271 486 1324 528 iis
1355 486 1611 541 singillatim
1637 494 1741 542 quot

135 556 314 611 quisque
343 560 495 596 nautas
525 553 746 595 habuerit:
779 552 998 607 respondit
1029 552 1318 607 unusquisque
1347 557 1396 593 ut
1426 557 1517 593 erat
1542 567 1742 607 praecep-

135 626 240 662 tum.
302 621 391 662 Iste
421 620 467 660 in
496 619 663 661 tabulas
692 618 846 659 refert:
880 618 1077 673 obsignat
1107 618 1241 673 signis
1263 617 1495 658 amicorum
1514 617 1742 672 providens

134 688 274 736 homo,
306 691 354 727 ut
389 690 537 727 contra
571 685 650 725 hoc
682 683 843 724 crimen
879 683 915 724 si
951 684 1121 738 quando
1152 698 1256 738 opus
1291 689 1398 724 esset
1434 683 1513 724 hac
1543 682 1742 724 videlicet

135 751 432 794 testificatione
462 754 666 791 uteretur.
727 748 927 789 Derisum
957 764 1045 789 esse
1075 749 1198 790 credo
1228 748 1445 789 hominem
1475 755 1688 789 amentem
1717 764 1743 790 a

136 819 221 860 suis
255 816 506 858 consiliariis
538 820 580 856 et
612 814 879 856 admonitum
912 814 1037 855 hasce
1067 814 1106 855 ei
1136 813 1301 855 tabulas
1331 813 1443 854 nihil
1472 813 1740 869 profuturas3

135 883 264 925 etiam
293 882 389 937 plus
410 896 464 923 ex
492 880 627 922 nimia
657 879 865 935 praetoris
895 879 1122 934 diligentia
1150 879 1398 934 suspicionis
1428 879 1475 919 111
1496 894 1543 920 00
1564 879 1742 920 crimine

135 949 339 990 futurum.
383 947 411 988 J
414 962 482 988 am
502 946 582 987 iste
599 952 689 987 erat
709 946 789 986 hac
811 945 995 986 stultitia
1011 944 1158 986 multis
1179 944 1225 985 in
1241 945 1365 986 rebus
1385 960 1485 985 usus
1505 953 1553 985 ut
1574 945 1742 1000 publice

135 1029 301 1070 quoque
323 1028 430 1068 quae
450 1011 581 1053 vellet
600 1011 647 1052 in
667 1011 813 1052 literas
836 1010 1060 1052 civitatum
1087 1009 1150 1065 [et
1170 1009 1265 1051 tolli
1286 1009 1348 1066 et]
1374 1009 1525 1051 referri
1543 1010 1740 1066 juberet3

135 1095 242 1135 quae
272 1079 415 1120 omnia
445 1093 559 1119 nunc
589 1076 799 1131 intelligit
829 1076 911 1117 sibi
941 1076 1053 1117 nihil
1083 1076 1292 1131 prodesse,
1314 1081 1587 1131 posteaquam
1616 1075 1742 1117 certis

134 1145 283 1194 literis,
306 1144 485 1185 testibus
507 1142 916 1197 auctoritatibusque
937 1141 1217 1183 convincitur.

193 1209 287 1251 XL.
320 1209 409 1250 Ubi
439 1209 519 1250 hoc
547 1208 676 1258 videt,
699 1207 872 1248 illorum
899 1207 1217 1257 confessionem,
1239 1205 1582 1248 testificationem
1608 1221 1739 1256 suam,

137 1275 313 1317 tabellas
344 1274 425 1316 sibi
453 1274 572 1315 nullo
603 1274 850 1329 adjumento
876 1272 1054 1321 futuras,
1077 1273 1160 1313 init
1190 1272 1413 1313 consilium
1442 1287 1529 1313 non
1558 1271 1742 1326 improbi

135 1341 356 1397 praetoris,
387 1355 489 1381 nam
528 1340 574 1380 id
608 1339 782 1394 quidem
816 1343 924 1379 esset
958 1338 1194 1387 ferendum,
1227 1338 1300 1378 sed
1339 1337 1575 1392 importuni
1614 1342 1741 1392 atque

137 1406 318 1448 amentis
358 1405 546 1460 tyranni.
619 1404 792 1453 Statuit,
830 1403 866 1444 si.
897 1404 977 1445 hoc
1009 1403 1171 1444 crimen
1203 1402 1426 1444 extenuari
1462 1402 1602 1451 vellet,
1639 1417 1741 1443 nam

136 1472 310 1513 0111111110
341 1471 435 1512 tolli
465 1485 586 1526 posse
613 1484 699 1510 non
733 1469 1032 1518 arbitrabatur,
1063 1468 1298 1509 navarchos
1329 1482 1486 1517 omnes,
1518 1473 1646 1509 testes
1676 1468 1742 1509 sui

136 1537 316 1586 sceleris,
340 1537 429 1578 vita
455 1551 542 1577 esse
562 1535 804 1590 privandos.
870 1534 1128 1575 Occurrebat
1158 1533 1233 1574 illa
1257 1533 1390 1583 rati03
1422 1533 1526 1588 quid
1546 1533 1598 1574 de
1621 1532 1739 1574 Cleo-

135 1618 258 1644 mene
278 1602 384 1643 fiet?
415 1606 617 1656 poterone
639 1600 978 1641 animadvertere
998 1600 1045 1640 in
1066 1614 1135 1640 eos
1157 1613 1260 1653 quos
1281 1598 1394 1639 dicto
1415 1599 1633 1640 audientes
1654 1614 1742 1640 esse

130 1668 251 1725 jussi,
285 1668 462 1708 missum
494 1665 631 1707 facere
664 1680 762 1706 eum
796 1665 865 1706 cui
899 1669 1154 1720 potestatem
1187 1663 1498 1719 imperiumque
1533 1665 1741 1719 permisi?

134 1740 336 1789 poterone
357 1748 425 1773 eos
447 1732 612 1773 afficere
633 1730 840 1785 supplicio
861 1731 936 1785 qui
953 1730 1224 1771 Cleomenem
1244 1729 1377 1770 secuti
1397 1734 1509 1779 sunt,
1523 1729 1742 1785 ignoscere

137 1798 354 1841 Cleomeni
378 1798 452 1853 qui
480 1812 622 1839 secum
642 1796 791 1851 fugere
818 1801 860 1837 et
885 1811 928 1837 se
950 1795 1148 1851 consequi
1174 1795 1336 1851 jussit?
1365 1799 1567 1849 poterone
1587 1810 1675 1836 esse
1695 1795 1742 1836 in

136 1881 204 1907 eos
236 1865 463 1906 vehemens
494 1863 568 1918 qui
602 1877 732 1903 naves
764 1877 851 1902 non
882 1862 1007 1903 modo
1038 1861 1187 1902 inanes
1222 1861 1465 1902 habuerunt
1504 1861 1578 1901 sed
1612 1861 1742 1901 etiam

135 1936 314 1986 apertaS,
338 1930 384 1970 111
405 1945 502 1970 011111
527 1928 754 1969 dissolutus
782 1927 856 1982 qui
884 1927 995 1968 solus
1019 1927 1217 1968 habuerit
1244 1930 1503 1967 constratam
1525 1941 1679 1967 navem
1700 1931 1742 1967 et

134 1996 276 2037 minus
293 1994 591 2036 exinanitam?
612 1998 757 2048 pereat
774 1992 1018 2034 Cleomenes
1039 1991 1287 2033 una—Ubi
1303 1991 1439 2032 fides?
1460 1991 1534 2032 ubi
1554 2006 1742 2032 exsecra-

135 2061 305 2103 tiones?
329 2060 400 2102 ubi
421 2060 620 2101 dexterae
641 2058 1006 2113 complexusque?
1026 2058 1100 2098 ubi
1121 2057 1229 2099 illud
1246 2056 1571 2098 contubernium
1591 2056 1739 2098 mulie-

134 2127 222 2168 bris
242 2126 422 2167 militiae
444 2126 490 2166 in
510 2125 584 2166 illo
605 2124 905 2166 delicatissimo
925 2123 1069 2164 littore
1084 2123 1199 2164 ?—-F
1202 2123 1281 2164 ieri
1301 2122 1419 2163 nullo
1434 2123 1559 2163 modo
1575 2127 1741 2177 poterat

182 2255 235 2296 [id
253 2279 259 2286 .
278 2279 285 2286 .
302 2256 475 2292 desistant,
493 2254 561 2295 θῇ]
603 2255 707 2285 These
733 2254 839 2284 words
860 2264 915 2284 arc

136 2299 285 2339 wanting
300 2299 335 2329 in
351 2299 408 2329 the
423 2299 534 2329 better
550 2298 645 2327 MSS.

179 2353 217 2371 ex
242 2342 300 2382 iis]
348 2345 368 2358 “
379 2352 417 2371 ex
433 2342 483 2371 his
503 2341 534 2370 R
550 2341 582 2376 S,
599 2341 685 2380 quod
700 2340 835 2370 tolerari
850 2350 915 2369 non

135 2387 254 2424 potest,
272 2394 345 2414 cum
362 2384 406 2413 810
423 2384 463 2413 ad
481 2384 601 2413 amicos
624 2383 830 2413 referendum
853 2382 896 2412 sit
906 2394 915 2418 3

136 2438 175 2457 ex
191 2427 262 2457 illis
286 2439 300 2457 ς
325 2427 397 2465 (1.0.
421 2427 490 2456 cod.
508 2426 589 2465 Reg.
605 2426 692 2465 apud
716 2425 842 2465 Steph.)
859 2425 915 2454 ha-

136 2471 212 2501 bere
237 2470 369 2505 dicitur,
387 2469 473 2509 quod
489 2469 620 2508 quidem
636 2471 685 2498 est
711 2468 916 2508 aptissimum

136 2513 213 2544 huic
228 2513 297 2543 loco
308 2513 327 2525 '³
346 2512 505 2552 (Iordan).

181 2557 215 2586 z'n
233 2556 366 2596 literas]
416 2555 470 2585 ‘in
486 2555 615 2585 litteras
628 2554 636 2567 '
654 2554 684 2583 R
697 2555 727 2589 3,
746 2553 801 2583 ‘in
826 2553 916 2583 litte-

136 2600 201 2629 ris'
227 2600 287 2639 Lg.
310 2601 351 2630 29
363 2611 372 2635 ;
398 2598 452 2628 ‘in
478 2598 650 2628 civitatum
678 2596 803 2627 literis'
831 2596 915 2626 dett.

137 2643 205 2673 The
232 2643 315 2673 dett.
343 2643 425 2672 have
451 2642 516 2672 also
542 2643 594 2671 ‘et
619 2640 721 2676 tolli?
757 2639 821 2670 and
852 2639 913 2669 R3

138 2686 219 2716 have
248 2690 255 2702 ‘
267 2686 337 2716 tolli
352 2686 359 2698 ’
392 2686 466 2726 (but
495 2684 572 2714 ‘toli
584 2684 592 2696 '
620 2684 653 2713 in
685 2683 739 2723 R).
797 2683 916 2721 Zumpt

138 2729 251 2759 thinks
274 2729 349 2759 that
373 2731 426 2759 ‘et
452 2728 522 2758 tolli
549 2727 604 2757 et'
628 2727 653 2756 is
677 2737 718 2756 an
741 2726 915 2765 interpola-

138 2772 218 2807 tion,
236 2772 285 2801 for
302 2772 358 2801 the
375 2771 524 2811 question
550 2781 614 2800 was
636 2772 694 2800 not
719 2769 819 2800 about
847 2778 915 2799 era-

137 2825 222 2851 sure,
238 2815 299 2845 but
316 2815 415 2845 about
432 2814 568 2854 making
583 2813 715 2843 entries.

181 2859 233 2888 40.
258 2858 336 2898 quid
352 2858 391 2887 cle
412 2858 577 2888 Cleomene
583 2857 648 2898 fiet
662 2855 692 2897 2]
739 2855 807 2886 The
824 2855 913 2885 read-

959 2253 1017 2293 ing
1033 2253 1070 2283 os
1082 2252 1152 2283 G3.
1198 2252 1298 2282 Orelli
1316 2251 1380 2282 and
1397 2252 1517 2282 Iordan
1533 2251 1617 2282 have
1642 2252 1740 2292 ‘quid

960 2296 1131 2326 Cleomene
1147 2296 1205 2326 fiet
1219 2295 1249 2325 P’
1273 2295 1331 2325 the
1346 2295 1483 2334 reading
1499 2295 1535 2325 of
1548 2294 1578 2324 R
1588 2300 1620 2325 λ.
1653 2295 1740 2326 Both

960 2349 1015 2369 are
1033 2339 1141 2373 Latin,
1158 2339 1220 2368 but
1235 2338 1373 2377 perhaps
1389 2338 1483 2368 there
1499 2338 1526 2367 is
1542 2348 1628 2368 some
1652 2338 1740 2369 little

961 2382 1134 2411 difference
1150 2381 1184 2410 in
1207 2381 1371 2420 meaning.
1417 2380 1518 2411 Orelli
1542 2381 1653 2411 makes
1673 2382 1740 2412 this
1762 2405 1764 2408 .

961 2424 1153 2454 distinction
1177 2424 1211 2454 in
1237 2424 1409 2463 meaning:
1444 2428 1452 2440 ‘
1465 2424 1543 2464 quid
1570 2424 1740 2455 Cleomene

961 2467 1018 2497 fiet
1031 2467 1060 2497 θ’
1086 2470 1094 2483 ‘
1106 2467 1194 2497 what
1211 2467 1276 2497 will
1301 2467 1431 2498 become
1454 2468 1491 2497 of
1510 2467 1696 2498 Cleomenes
1708 2468 1739 2499 ’θ’

963 2513 972 2526 ‘
985 2510 1063 2550 quid
1087 2510 1127 2540 de
1155 2510 1324 2540 Cleomene
1350 2510 1407 2540 fiet
1420 2510 1433 2540 Ρ
1446 2510 1455 2523 ’
1481 2511 1589 2541 ‘what
1611 2511 1678 2541 will
1700 2511 1740 2542 be

961 2553 1043 2583 done
1060 2553 1140 2583 with
1157 2553 1342 2583 Cleomenes
1355 2553 1385 2583 Ρ)
1431 2553 1535 2584 There
1551 2554 1577 2583 is
1593 2554 1658 2584 also
1682 2555 1740 2585 the

961 2595 1061 2626 Latin
1094 2597 1277 2636 expression
1316 2600 1324 2613 ‘
1337 2597 1416 2636 quid
1443 2596 1606 2627 Cleomeni
1636 2597 1694 2628 fiet
1707 2597 1739 2628 P’

960 2642 969 2655 ‘
980 2640 1068 2670 what
1084 2640 1149 2669 will
1165 2640 1292 2679 happen
1307 2642 1343 2670 to
1359 2640 1544 2670 Cleomenes
1556 2640 1586 2670 P’

1005 2683 1243 2713 eoeseerationes
1256 2683 1285 2723 3]
1334 2683 1401 2713 The
1417 2683 1506 2713 word
1521 2693 1631 2713 means
1643 2684 1738 2714 oaths

961 2726 1003 2766 by
1020 2726 1126 2756 which
1142 2726 1264 2766 parties
1281 2726 1390 2756 bound
1405 2726 1599 2756 themselves
1614 2728 1650 2756 to
1660 2727 1737 2757 fide-

960 2769 1032 2809 lity,
1050 2780 1109 2799 onc
1136 2770 1219 2799 form
1245 2769 1282 2799 of
1301 2769 1379 2799 oath
1405 2769 1504 2809 being
1525 2779 1566 2799 an
1582 2769 1738 2809 impreca-

961 2812 1042 2849 tiou,
1058 2813 1088 2843 if
1099 2823 1118 2843 a
1133 2823 1209 2843 man
1226 2812 1341 2843 should
1356 2822 1455 2852 prove
1470 2812 1627 2843 faithless.
