1849 3167
474 117 600 160 AOT.
634 119 697 161 II.
730 118 918 161 LIBER
947 118 1272 162 SECUNDUS.
1593 119 1678 160 253

136 231 301 274 XLIV.
333 231 400 273 Ac
420 247 475 274 ne
495 233 591 288 quis
611 232 721 275 forte
741 233 909 275 dubitet
930 233 1168 289 cujusmodi
1187 233 1267 275 hoc
1291 237 1429 275 totum
1461 233 1517 275 sit
1546 249 1678 289 nego-

78 297 200 348 tium,
232 297 402 339 tametsi
427 298 683 354 jamdudum
703 299 898 341 omnibus
918 298 1042 340 istius
1061 299 1380 354 improbitatem
1411 300 1679 354 perspicuam

78 378 167 404 esse
197 363 374 412 confido,
406 368 551 405 tamen
581 364 756 419 paulum
786 364 916 406 etiam
946 365 1167 405 attench‘te.
1229 364 1399 405 Videtis
1429 365 1554 405 illum
1584 366 1679 407 sub-

78 428 216 483 crispo
246 428 413 484 capillo,
445 429 633 485 nigrum,
656 429 731 485 qui
761 445 808 471 eo
837 429 962 471 vultu
990 445 1068 471 nos
1097 430 1291 471 intuetur
1310 435 1359 470 ut
1380 429 1460 471 sibi
1481 430 1563 484 ipsi
1583 446 1677 484 per-

78 500 227 535 acutus
257 509 345 535 esse
374 494 583 545 videatur,
606 495 681 550 qui
709 495 876 537 tabulas
896 500 1025 544 tenet,
1049 495 1123 550 qui
1145 495 1305 544 scribit,
1328 495 1403 550 qui
1425 500 1582 545 monet,
1605 495 1680 550 qui

77 559 298 614 proximus
319 560 416 601 cst?
474 560 520 602 Is
548 567 611 602 est
632 559 677 601 C.
702 559 916 610 Claudius,
943 560 1018 616 qui
1047 560 1094 601 in
1124 560 1269 602 Sicilia
1299 568 1514 616 sequester
1543 561 1680 611 istius,

77 624 299 680 interpres,
322 625 535 667 confector
555 626 837 682 negotiorum,
860 642 991 682 prope
1016 626 1179 682 collega
1200 626 1463 668 Timarchidi
1482 642 1679 667 numera-

77 691 215 740 batur,
237 706 352 732 nunc
373 691 536 732 obtinet
557 707 654 732 eum
674 692 815 733 locum
835 698 883 733 ut
902 692 978 733 vix
997 691 1190 747 Apronio
1210 692 1278 733 illi
1307 693 1359 733 de
1390 692 1682 733 familiaritate

78 757 307 798 concedere
335 756 545 807 Videatur,
578 762 620 798 et
650 757 724 812 qui
754 773 796 799 se
826 773 914 799 non
944 757 1208 799 Timarchidi
1248 758 1322 799 sed
1360 758 1493 813 ipsius
1533 758 1682 799 Verris

77 821 287 877 collegam
307 827 350 863 et
371 822 529 864 socium
550 838 638 864 esse
658 823 836 865 dicebat.
897 823 1105 864 Dubitate
1126 823 1268 873 etiam,
1301 823 1336 864 si
1365 823 1553 878 potestis,
1576 823 1683 878 quin

79 902 176 928 eum
196 887 276 929 iste
296 887 565 942 potissimum
585 903 639 929 ex
660 889 777 930 omni
796 904 974 930 numero
994 888 1201 944 delegerit
1222 888 1290 930 cui
1310 889 1421 930 hanc
1451 889 1684 944 cognitoris

79 952 177 993 falsi
196 952 434 1008 improbam
454 969 678 1008 personam
698 954 947 1009 imponeret,
971 970 1098 1009 quem
1118 959 1159 995 et
1171 954 1271 995 huic
1287 954 1628 996 inimicissimum
1641 959 1685 995 et

80 1018 162 1059 sibi
182 1018 484 1060 amicissimum
518 1035 606 1060 esse
636 1020 928 1061 arbitraretur.
988 1020 1076 1061 Hic
1106 1035 1179 1061 vos
1211 1020 1475 1070 dubitabitis,
1503 1020 1683 1075 judices,

79 1088 246 1125 tantam
284 1083 408 1125 istius
448 1085 680 1135 audaciam,
721 1091 889 1127 tantam
924 1085 1233 1135 crudelitatem,
1275 1090 1442 1127 tantam
1481 1086 1686 1142 injuriam

79 1149 333 1191 vindicare?
363 1150 614 1191 dubitabitis
645 1150 888 1205 exemplum
913 1151 1109 1206 judicum
1137 1150 1307 1191 illorum
1330 1151 1450 1206 sequi
1471 1151 1545 1206 qui
1566 1152 1685 1192 dam-

79 1220 181 1256 nato
213 1214 290 1256 Cn.
320 1215 543 1257 Dolabella
573 1216 893 1257 damnationem
921 1216 1167 1257 Philodami
1198 1215 1379 1271 Opuntii
1409 1217 1686 1266 resciderunt,

80 1282 194 1337 quod
214 1281 250 1322 is
269 1295 356 1322 non
385 1281 534 1322 absens
567 1296 664 1322 reus
699 1280 837 1322 factus
864 1285 985 1331 esset,
1021 1297 1129 1336 quae
1161 1297 1228 1323 res
1259 1282 1527 1337 iniquissima
1560 1288 1689 1338 atque

80 1346 349 1388 acerbissima
369 1351 444 1396 est,
467 1346 541 1387 sed
561 1361 694 1401 quum
714 1345 753 1387 ei
773 1346 933 1401 legatio
949 1346 1041 1402 jam
1060 1346 1244 1388 Romam
1265 1362 1289 1388 a
1302 1347 1388 1389 suis
1401 1348 1564 1389 civibus
1580 1352 1690 1389 esset

80 1411 214 1453 data?
275 1411 399 1458 Quod
428 1411 494 1452 illi
519 1411 686 1468 judices
706 1411 843 1453 multo
864 1412 910 1452 in
931 1412 1091 1453 leviore
1115 1428 1241 1454 causa
1273 1418 1514 1455 statuerunt
1546 1413 1688 1468 aequi-

79 1481 213 1518 tatem
252 1477 399 1526 secuti,
439 1493 514 1518 vos
554 1477 601 1518 id
648 1481 835 1518 statuere
873 1476 919 1518 in
961 1478 1215 1533 gravissima
1264 1494 1389 1520 causa
1437 1479 1690 1534 praesertim

80 1543 262 1584 aliorum
281 1543 534 1584 auctoritate
550 1542 643 1598 jam
665 1542 966 1584 confirmatum
987 1543 1238 1585 dubitabitis
1256 1544 1276 1585 P

136 1607 274 1649 XLV.
306 1607 369 1649 At
389 1623 517 1663 quem
537 1608 771 1657 hominem,
795 1607 840 1649 O.
864 1608 1035 1657 Verres,
1057 1614 1192 1658 tanta,
1214 1614 1305 1650 tam
1335 1609 1499 1665 insigni
1528 1609 1690 1665 injuria

81 1672 291 1714 affecisti?
322 1688 449 1728 quem
470 1673 687 1714 hominem
708 1674 926 1715 absentem
947 1674 999 1715 de
1018 1673 1156 1715 literis
1176 1675 1385 1730 corruptis
1401 1690 1523 1716 causa
1540 1675 1688 1730 incog-

80 1738 174 1778 nita
194 1737 485 1779 condemnasti
498 1738 518 1779 ⁶?
548 1738 668 1794 cujus
689 1738 875 1780 absentis
895 1754 1052 1779 nomen
1067 1739 1298 1794 recepisti?
1329 1755 1456 1795 quem
1471 1741 1690 1782 absentem

81 1819 169 1845 non
189 1804 313 1845 modo
334 1803 424 1845 sine
456 1803 634 1845 crimine
655 1808 697 1844 et
718 1804 808 1845 sine
841 1810 949 1845 teste
983 1820 1134 1846 verum
1164 1805 1294 1846 etiam
1321 1806 1412 1846 sine
1445 1812 1689 1848 accusatore

82 1869 328 1910 damnasti?
391 1868 529 1914 Quem
548 1868 767 1910 hominem
784 1869 804 1909 p
834 1869 895 1909 dii
915 1869 1202 1911 immortales!
1236 1885 1322 1911 non
1344 1870 1481 1911 dicam
1504 1872 1689 1913 amicum

81 1939 217 1985 tuum,
249 1935 363 1990 quod
402 1934 516 1989 apud
555 1933 748 1975 homines
778 1933 1043 1975 carissimum
1084 1940 1159 1984 est,
1202 1950 1287 1976 non
1318 1935 1542 1990 hospitem,
1575 1937 1690 1992 quod

83 2000 397 2042 sanctissimum
426 2005 514 2050 est3
545 1999 658 2041 nihil
688 1999 802 2040 enim
823 1999 965 2042 minus
997 2000 1180 2042 libenter
1212 2001 1264 2042 de
1297 2000 1473 2042 Sthenio
1504 2016 1688 2044 comme-

129 2133 182 2163 44.
209 2131 412 2163 Timarchidi
429 2130 673 2167 numerabatur,
690 2130 764 2171 ἄτη]
794 2130 866 2160 ‘Ti-

86 2176 246 2206 marchidi
256 2176 264 2188 ³
282 2176 308 2205 is
324 2175 479 2206 intended
492 2176 542 2205 for
554 2175 611 2204 tho
627 2174 782 2213 genitive.
807 2175 866 2204 Suc

87 2230 114 2250 c.
131 2220 184 2250 54.
230 2219 350 2258 Zumpt
366 2219 514 2249 observes
530 2218 605 2248 that
619 2218 775 2248 Garatoni
793 2228 865 2257 pro-

86 2273 177 2303 poses
200 2264 236 2293 to
259 2262 354 2292 write
379 2262 518 2291 ‘socium
543 2272 609 2291 csse
633 2261 736 2296 di‹·it,'
759 2261 864 2290 which

86 2306 190 2336 shows
206 2305 281 2336 that
297 2305 338 2335 he
353 2304 493 2335 mistook
510 2304 567 2334 the
583 2304 746 2342 nwauing.
771 2304 865 2334 Clau—

87 2349 159 2379 dius
175 2359 240 2379 was
255 2348 417 2378 rcckoncd
435 2347 697 2387 (11111m·1-abat111·)
715 2347 829 2377 almost
847 2357 867 2377 (1

87 2392 252 2431 collcague
275 2392 312 2421 of
331 2391 562 2423 Timarchides.
582 2390 641 2420 hut
666 2390 706 2419 hc
730 2390 807 2420 used
831 2393 866 2420 to

87 2435 148 2466 call
164 2434 297 2465 himself
308 2445 327 2464 a
343 2434 506 2473 colleaguc
523 2434 559 2463 of
571 2433 698 2463 Verre&

133 2478 253 2517 Ie‘qatio
268 2478 345 2518 jam
369 2476 526 2516 Romam]
573 2476 640 2506 'l'lw
659 2475 865 2506 umbussudor

88 2531 125 2551 or
149 2520 316 2559 ‘legatus’
341 2520 375 2549 iu
398 2520 464 2550 this
487 2530 558 2549 vasi·
582 2530 645 2548 was
668 2522 726 2549 not
750 2519 865 2549 ubsvnt

89 2565 181 2594 when
192 2564 232 2593 hc
243 2574 307 2593 was
316 2562 522 2602 prosecutvd:
539 2563 599 2599 for.
610 2561 686 2591 iflw
699 2562 762 2592 hud
774 2562 864 2597 hvon,

90 2608 139 2637 his
156 2618 226 2637 case
243 2606 350 2636 would
370 2606 451 2635 have
469 2606 547 2635 lwvn
565 2605 622 2635 tho
638 2615 724 2635 sumo
741 2616 774 2635 us
791 2605 866 2636 that

89 2651 126 2681 of
139 2650 312 2685 Sthenium
336 2649 397 2679 but
418 2649 457 2678 hc
474 2648 538 2678 lund
554 2648 700 2678 received
716 2648 764 2678 his
781 2659 865 2678 com-

89 2694 219 2724 mission
232 2693 269 2723 of
280 2691 494 2726 umbussudor,
508 2691 572 2721 und
584 2691 705 2729 during
718 2691 774 2721 tho
786 2691 866 2722 time

89 2737 126 2769 of
138 2737 187 2766 his
203 2735 337 2773 holding
353 2735 418 2765 this
428 2734 576 2764 sinu-tion
593 2734 632 2764 11(-
649 2734 783 2774 vnjoycd
794 2745 865 2774 pro-

90 2780 225 2813 tection,
250 2789 330 2809 even
354 2778 480 2816 though
505 2777 544 2807 lu·
569 2777 631 2807 hud
656 2781 713 2808 not·
736 2777 796 2808 left
816 2778 865 2808 his

90 2823 157 2863 cit)v
181 2823 231 2852 for
255 2822 367 2851 Rome.
416 2821 447 2851 lt
463 2831 527 2851 was
550 2831 568 2850 a
591 2821 723 2859 gvncral
745 2821 815 2851 rulo
833 2822 870 2852 of

91 2866 218 2896 Roman
228 2865 288 2896 law
300 2865 374 2895 that
384 2875 426 2895 no
436 2875 510 2894 man
521 2864 616 2894 could
627 2864 664 2894 be
674 2865 866 2904 prosecutasd

911 2131 1006 2161 while
1033 2131 1073 2162 hc
1097 2143 1161 2162 was
1185 2132 1300 2163 absent
1327 2143 1367 2163 on
1398 2132 1542 2164 business
1568 2135 1606 2165 of
1631 2136 1689 2166 tho

910 2178 1015 2211 staua
1043 2180 1078 2206 to
1105 2176 1238 2206 confirm
1267 2176 1372 2206 which
1402 2176 1500 2207 Klotz
1527 2179 1627 2208 refers
1654 2185 1690 2209 to

912 2218 987 2257 hig.
1004 2221 1055 2249 Δ18.
1078 2220 1107 2248 2.
1129 2220 1179 2249 12.
1226 2219 1293 2249 'rho
1317 2219 1386 2250 rulo:
1409 2221 1446 2250 of
1467 2220 1591 2251 Roman
1616 2222 1688 2258 1(111·,

911 2261 937 2291 it
955 2272 1098 2301 appears,
1112 2273 1176 2292 was
1192 2262 1319 2303 applied
1336 2265 1370 2293 to
1387 2263 1443 2293 the
1460 2264 1526 2304 cit-y
1540 2265 1577 2294 ot·
1589 2266 1689 2305 Opus.

954 2306 1006 2335 45.
1033 2306 1080 2334 At
1104 2316 1195 2345 quem
1218 2306 1404 2347 hominem,]
1452 2307 1529 2337 This
1553 2308 1578 2337 is
1601 2319 1618 2338 a
1643 2310 1690 2339 su-

911 2348 1039 2378 vouritc
1064 2349 1201 2379 formula
1219 2349 1298 2379 with
1316 2350 1428 2380 Cicero
1446 2350 1524 2390 (Pro
1543 2351 1689 2387 Fonteio,

911 2401 939 2463 '‘i'-
962 2391 1027 2431 17),
1049 2392 1099 2421 for
1122 2392 1229 2423 which
1254 2393 1294 2423 hc
1319 2393 1384 2423 had
1407 2393 1465 2424 the
1488 2395 1633 2435 example
1656 2396 1695 2426 of

939 2445 1052 2465 crum-c
1064 2447 1070 2465 :

932 2498 951 2510 “
966 2494 1009 2525 At
1026 2505 1120 2535 quem
1138 2495 1243 2526 virum
1257 2496 1271 2526 Ρ
1289 2507 1383 2536 quum
1402 2508 1462 2535 ego
1477 2498 1638 2538 optimum
1657 2499 1689 2528 iu

996 2538 1065 2569 vitu
1083 2538 1429 2570 vidc1·i1n.”-—l'horm.
1447 2541 1490 2570 iii.
1509 2543 1538 2571 2.
1557 2543 1609 2572 20.

910 2605 978 2635 The
997 2605 1010 2636 Ρ
1029 2605 1062 2636 111
1078 2606 1144 2637 this
1160 2618 1230 2637 cuso
1247 2607 1273 2637 is
1289 2608 1326 2637 of
1337 2618 1378 2638 no
1394 2618 1460 2638 use.

953 2648 1022 2679 Tho
1060 2650 1164 2680 words
1203 2656 1210 2667 ⁸
1224 2661 1320 2690 ‹pu-m
1359 2651 1521 2681 hominem

910 2691 1114 2723 dcnnmstir
1143 2704 1197 2723 (11·1·
1213 2694 1353 2724 omitted
1370 2694 1410 2734 by
1429 2695 1540 2728 Orelli.
1559 2696 1690 2736 Zumpt,

910 2735 974 2765 and
994 2735 1122 2766 Iordnn.
1169 2736 1268 2767 Klotz
1285 2737 1342 2767 has
1358 2738 1521 2768 admitted
1541 2739 1630 2768 thom
1649 2750 1690 2768 ou

910 2778 967 2809 the
991 2779 1161 2820 authority
1179 2781 1216 2810 of
1236 2780 1296 2819 145.
1318 2782 1360 2811 42
1382 2780 1418 2811 F.
1464 2781 1576 2822 Comp.
1593 2793 1620 2812 c.
1637 2783 1691 2817 37,

1541 2675 1547 2681 .
1566 2675 1573 2682 .
1591 2675 1598 2682 .
1616 2663 1691 2683 con-
