1849 3167
180 124 263 166 596
761 125 831 169 IN
862 125 907 168 O.
940 125 1195 169 VERREM

180 238 366 280 obtinuit
385 242 433 281 ut
448 238 574 282 unius
593 240 880 282 honestissimi
901 245 1027 296 atque
1047 240 1385 283 innocentissimi
1404 241 1508 285 civis
1527 248 1707 286 mortem
1728 258 1776 285 ac

179 305 433 358 sanguinem
453 306 759 362 deprecaretur.

237 368 454 412 XLVIII.
490 371 583 418 Quo
604 372 852 428 confugient
873 373 987 423 socii,
1010 387 1138 428 quem
1166 371 1468 428 implorabunt,
1499 388 1582 428 qua
1607 389 1678 429 spe
1703 374 1773 414 de-

178 432 309 488 nique
329 441 376 477 ut
398 436 541 478 vivere
561 437 696 478 velint
717 438 987 487 tenebuntur,
1017 439 1053 479 si
1079 453 1153 479 vos
1180 453 1249 479 eos
1272 438 1505 479 deseretis?
1564 438 1636 478 Ad
1656 454 1773 480 sena-

178 501 328 542 tumne
347 503 555 545 venient?
602 503 716 549 Quid
735 508 784 544 ut
805 504 856 545 de
876 504 1011 545 Verre
1033 504 1285 560 supplicium
1308 504 1480 545 sumat?
1500 518 1585 545 non
1607 509 1670 545 est
1692 504 1776 545 usi-

177 567 328 617 tatum,
361 584 447 610 non
477 573 540 610 est
570 569 838 610 senatorium.
900 569 972 610 Ad
1001 570 1206 625 populum
1230 569 1474 610 Romanum
1494 568 1776 624 confugient?

178 627 336 674 Facilis
358 639 420 675 est
440 634 587 689 populi
607 650 755 685 causa3
787 634 926 689 legem
946 636 1061 676 enim
1082 651 1125 676 se
1146 635 1352 676 sociorum
1382 649 1506 676 causa
1531 634 1704 690 jussisse
1734 639 1777 674 et

176 712 251 739 vos
282 698 321 739 ei
350 699 437 754 legi
467 699 658 740 custodes
689 714 736 740 ac
777 699 966 741 vindices
1003 701 1293 755 praeposuisse
1332 700 1456 741 dicet.
1536 699 1622 740 Hic
1661 694 1776 740 locus

176 762 313 818 igitur
343 769 406 805 est
435 779 545 805 unus
575 779 658 819 quo
697 763 957 820 perfugiant,
989 764 1059 807 hic
1099 770 1259 820 portus,
1292 765 1396 806 haec
1437 780 1526 814 arx,
1557 764 1662 805 haec
1703 779 1776 805 ara

177 828 409 879 sociorum3
441 844 524 884 quo
550 829 722 885 quidem
748 844 863 870 nunc
890 845 977 871 non
1004 830 1066 871 ita
1093 831 1360 886 confugiunt,
1386 835 1435 871 ut
1465 834 1590 871 antea
1615 829 1662 870 in
1689 829 1776 870 suis

175 894 422 949 repetundis
437 895 561 936 rebus
582 895 784 937 solebant.
826 896 927 938 Non
948 912 1111 946 aurum,
1133 912 1220 938 non
1241 902 1480 952 argentum,
1498 911 1584 938 non
1599 901 1772 945 vestem,

174 974 262 1001 non
291 960 505 1015 mancipia
535 965 733 1015 repetunt
748 976 757 1011 3
789 976 875 1002 non
906 966 1155 1003 ornamenta
1185 978 1291 1018 quae
1313 978 1367 1003 ex
1386 962 1560 1003 urbibus
1580 961 1775 1016 fanisque

174 1029 318 1080 erepta
340 1030 462 1067 sunt:
495 1031 692 1067 metuunt
721 1027 915 1068 homines
944 1027 1134 1083 imperiti
1159 1043 1214 1070 ne
1236 1028 1327 1084 jam
1356 1028 1460 1069 haec
1486 1026 1666 1082 populus
1687 1025 1774 1067 Ro-

173 1105 325 1133 manus
347 1092 548 1133 concedat
569 1096 610 1133 et
631 1091 692 1133 ita
712 1092 806 1133 fieri
826 1092 944 1134 velit.
1006 1093 1203 1135 Patimur
1224 1093 1339 1135 enim
1359 1093 1515 1134 multos
1530 1093 1623 1149 jam
1643 1107 1775 1134 annos

174 1160 217 1197 et
250 1156 433 1206 silemus,
476 1172 609 1212 quum
640 1157 860 1199 videamus
896 1159 951 1200 ad
990 1174 1144 1213 paucos
1182 1159 1375 1200 homines
1405 1174 1549 1200 omnes
1584 1157 1775 1199 omnium

173 1221 396 1263 nationum
425 1222 626 1276 pecunias
656 1223 909 1278 pervenisse.
975 1224 1098 1270 Quod
1119 1240 1166 1265 eo
1187 1225 1325 1280 magis
1346 1224 1456 1265 ferre
1477 1224 1619 1265 animo
1641 1238 1774 1278 aequo

173 1291 216 1329 et
236 1287 462 1328 concedere
482 1287 688 1337 videmur,
712 1287 812 1342 quia
832 1303 956 1329 nemo
977 1288 1155 1329 istorum
1176 1289 1431 1338 dissimulat,
1458 1303 1582 1329 nemo
1609 1288 1774 1328 laborat

171 1354 220 1390 ut
241 1350 417 1392 obscura
438 1366 513 1393 sua
533 1353 742 1407 cupiditas
764 1369 850 1395 esse
871 1354 1078 1395 videatur.
1121 1354 1177 1394 In
1198 1355 1302 1395 urbe
1322 1359 1466 1395 nostra
1486 1353 1774 1409 pulcherrima

172 1419 299 1470 atque
321 1416 588 1458 ornatissima
609 1418 722 1473 quod
742 1417 926 1473 signum,
949 1433 1056 1473 quae
1077 1419 1223 1460 tabula
1244 1418 1358 1474 picta
1379 1423 1442 1460 est
1466 1433 1573 1474 quae
1603 1433 1689 1459 non
1719 1417 1773 1459 ab

171 1481 364 1523 hostibus
384 1482 508 1524 victis
529 1488 651 1538 capta
672 1488 799 1539 atque
820 1484 1040 1539 deportata
1061 1485 1149 1526 sit?
1207 1484 1270 1526 At
1289 1484 1469 1526 istorum
1489 1484 1616 1526 villae
1641 1483 1770 1525 socio-

171 1561 268 1587 rum
306 1547 648 1590 fidelissimorum
679 1548 875 1603 plurimis
910 1556 952 1591 et
986 1550 1284 1605 pulcherrimis
1319 1549 1465 1604 spoliis
1501 1553 1673 1590 ornatae
1706 1564 1771 1590 re-

172 1611 391 1667 fertaeque
411 1618 521 1654 sunt.
565 1613 653 1655 Ubi
672 1614 872 1668 pecunias
894 1620 1136 1656 exterarum
1156 1615 1381 1656 nationum
1401 1630 1488 1656 esse
1505 1613 1774 1656 arbitramini

172 1691 280 1731 quae
311 1692 426 1719 nunc
457 1693 601 1720 omnes
637 1684 778 1734 egent,
815 1695 947 1734 quum
987 1679 1195 1730 Athenas,
1236 1680 1511 1735 Pergamum,
1554 1678 1770 1734 Cyzicum,

174 1741 387 1792 Miletum,
421 1742 589 1794 Chium,
621 1743 808 1794 Samum,
833 1750 1051 1800 tota-mque
1081 1745 1244 1795 Asiam,
1280 1745 1501 1795 Achaiam,
1533 1744 1770 1790 Graeciam,

993 1835 1028 1865 in
1054 1835 1174 1866 talibus
1196 1835 1457 1875 imperatorium,
1482 1834 1654 1875 augurium
1678 1833 1771 1876 (jus),

994 1879 1177 1909 oratorium
1208 1878 1425 1918 corruptela.”
1471 1878 1575 1908 There
1598 1878 1624 1908 is
1655 1888 1697 1908 an
1722 1878 1771 1908 in·

994 1924 1105 1952 stance
1120 1921 1154 1951 in
1174 1921 1231 1951 the
1248 1921 1296 1951 De
1313 1921 1387 1952 Sen.
1404 1932 1431 1952 c.
1448 1923 1479 1958 4,
1495 1921 1602 1952 where
1625 1921 1659 1951 in
1681 1921 1772 1961 place

218 1831 341 1862 Gruter
364 1843 436 1874 says
460 1833 607 1864 “vocula
621 1833 715 1875 juris
738 1834 829 1864 abest
853 1833 947 1875 Cuja-

174 1875 276 1911 ciano,
308 1886 412 1916 neque
445 1887 520 1907 sane
555 1877 769 1917 requiritur.”
829 1877 950 1907 Iordan

173 1918 295 1959 merely
308 1929 379 1959 says
391 1919 466 1950 that
483 1920 511 1949 G
522 1921 540 1950 1
557 1920 615 1950 has
632 1920 721 1950 ‘ius.'
751 1920 819 1950 But
836 1921 949 1961 ‘juris’

171 1960 198 1991 is
219 1962 359 1992 wanted.
405 1962 517 1993 Cicero
542 1963 599 1993 has
626 1963 695 1993 said
720 1963 866 2003 ‘Nempe
890 1964 951 1994 hoc

167 2004 242 2044 jure
257 2005 322 2035 fuit
332 2005 352 2041 ς’
376 2006 441 2036 and
463 2006 504 2036 he
520 2006 599 2036 adds
622 2010 631 2022 ‘
642 2006 843 2046 cognationis
861 2030 867 2036 .
886 2030 893 2037 .
909 2017 950 2037 ne

172 2047 232 2077 hoc
249 2048 378 2087 quidem
397 2049 482 2089 juris
502 2049 646 2080 obtinuit
669 2049 730 2086 ut,'
755 2050 869 2080 ‘could
891 2052 950 2080 not

172 2090 256 2120 from
277 2091 364 2121 their
380 2092 601 2132 relationship,
620 2093 674 2123 ἃς.
690 2093 851 2123 maintain
870 2103 950 2123 even

172 2142 206 2163 so
231 2134 329 2164 much
349 2135 386 2165 of
407 2135 495 2165 their
512 2136 620 2175 rights
642 2146 678 2165 or
701 2136 832 2166 claims'
857 2146 891 2166 as
914 2138 949 2166 to

171 2186 246 2207 save
262 2187 321 2207 one
336 2177 490 2208 innocent
505 2178 648 2218 person’s
662 2179 728 2209 life.

215 2221 268 2251 48.
292 2221 447 2251 deseretis
459 2221 489 2262 ἲ]
525 2221 593 2252 The
610 2232 756 2252 common
771 2221 908 2261 reading
923 2221 949 2251 is

172 2266 181 2279 ‘
192 2263 361 2294 deseritis?
406 2264 519 2295 Cicero
530 2265 605 2295 does
620 2265 804 2295 sometimes
819 2275 874 2295 use
890 2265 948 2295 the

171 2309 302 2345 present
317 2307 405 2343 thus,
415 2307 450 2337 in
460 2307 593 2337 careless
603 2308 746 2347 writing,
760 2318 794 2338 as
810 2317 857 2337 we
872 2318 947 2347 may

171 2358 316 2387 suppose.
340 2350 409 2379 But
426 2353 434 2366 ‘
444 2350 620 2385 deseretiS,'
629 2350 679 2380 for
694 2350 800 2380 which
812 2350 906 2380 there
921 2350 947 2379 is

171 2390 229 2420 the
253 2391 422 2432 authority
445 2392 481 2421 of
500 2392 530 2421 R
554 2392 611 2422 Gi
636 2392 676 2427 V,
697 2393 724 2422 is
744 2393 801 2422 the
821 2394 947 2422 correct

170 2433 321 2463 form.—‘
333 2434 375 2463 ad
411 2434 632 2464 senatumne?
672 2435 703 2464 V
737 2435 802 2464 and
834 2434 945 2464 Orelli.

171 2476 291 2516 Zumpt
307 2476 371 2506 and
387 2476 507 2506 Iordan
522 2477 603 2506 omit
620 2481 628 2493 ‘
638 2476 700 2507 ne.5

213 2521 321 2549 sumat
334 2519 363 2560 ?]
396 2519 490 2555 dett„
507 2523 516 2535 ‘
527 2521 657 2549 sumant
669 2519 678 2532 '
695 2519 726 2549 V
741 2519 771 2549 R
781 2520 811 2549 3.
851 2519 887 2550 If
898 2530 945 2550 we

169 2562 247 2592 take
267 2562 438 2598 ‘sumant,’
462 2572 509 2592 we
529 2564 618 2592 must
639 2562 753 2602 supply
775 2565 784 2579 ‘
797 2562 895 2600 socii,'
912 2574 946 2593 as

168 2605 287 2635 Iordan
304 2605 461 2635 observes.

211 2647 439 2688 senatorium]
495 2647 562 2678 The
587 2658 735 2678 common
758 2648 894 2688 reading
919 2649 944 2679 is

169 2694 179 2707 ‘
195 2692 414 2721 senatorium.²
461 2691 496 2721 If
522 2701 569 2721 we
595 2691 688 2721 write
717 2692 943 2728 ‘senatorium'

111 2730 114 2733 ”
167 2734 224 2764 the
240 2734 376 2774 reading
391 2734 428 2764 of
441 2734 471 2764 V
489 2734 584 2774 (Bia),
601 2734 657 2764 the
678 2734 831 2774 meaning
851 2735 877 2764 is
896 2735 943 2764 in-

167 2777 334 2816 telligible,
346 2778 410 2807 and
426 2781 435 2794 ‘
445 2780 608 2808 senatores
618 2777 626 2789 ³
643 2779 731 2807 must
746 2777 785 2807 be
797 2777 943 2817 supplied

167 2819 248 2849 with
265 2819 322 2849 the
334 2820 412 2849 verb
429 2822 438 2836 ‘
448 2820 600 2850 sumant?
624 2819 725 2850 Orelli
741 2820 885 2850 remarks
901 2831 943 2850 on

167 2862 314 2903 Zumpt's
337 2863 472 2903 reading
493 2866 576 2894 ‘uon
591 2863 800 2901 senatorum‚'
817 2863 943 2895 “solita

995 1965 1032 1995 of
1051 1965 1151 2005 ‘juris
1174 1965 1325 2004 augurii,'
1344 1965 1401 1995 the
1424 1966 1498 1995 true
1522 1964 1668 2004 reading,
1684 1974 1770 1994 some

994 2007 1090 2038 MSS.
1106 2008 1188 2037 have
1205 2008 1302 2048 ‘juris
1318 2010 1352 2038 et
1368 2007 1519 2047 augurii.³
1551 2008 1609 2038 See
1626 2007 1698 2038 Vol.
1713 2007 1770 2044 iii„

995 2051 1044 2081 De
1060 2051 1174 2087 Domo,
1192 2061 1218 2081 c.
1235 2052 1286 2086 13,
1303 2053 1390 2081 note.

1038 2095 1116 2124 haec
1132 2093 1223 2134 (zrx,]
1271 2094 1391 2134 Zumpt
1413 2093 1511 2124 omits
1533 2093 1624 2124 these
1645 2093 1770 2130 words,-

993 2137 1055 2167 but
1078 2137 1157 2177 they
1181 2147 1234 2167 are
1256 2136 1290 2166 in
1314 2137 1354 2172 V,
1378 2137 1443 2166 and
1465 2136 1603 2176 perhaps
1618 2137 1768 2176 genuine,

993 2180 1121 2220 though
1137 2180 1168 2210 V
1182 2180 1240 2209 has
1260 2180 1526 2209 ‘ars.’-—‘omnes
1548 2179 1693 2209 omnium
1713 2189 1769 2209 na-

993 2223 1120 2253 tionum
1133 2223 1152 2252 :'
1168 2223 1209 2259 V,
1226 2221 1336 2253 Orelli.
1370 2222 1490 2261 Zumpt
1505 2222 1602 2252 omits
1619 2226 1627 2238 ‘
1637 2222 1769 2252 omnes?

991 2270 1045 2287 ——‘
1056 2265 1238 2306 pervenisse
1250 2265 1269 2294 ε’
1300 2264 1330 2294 R
1346 2266 1376 2300 3,
1404 2265 1534 2304 Zumpt,
1559 2264 1624 2294 and
1648 2264 1769 2295 Iordan

991 2308 1073 2338 have
1091 2308 1277 2347 ‘pervenire
1285 2307 1308 2344 ς’
1330 2307 1392 2337 but
1412 2307 1469 2337 the
1487 2309 1561 2338 true
1583 2307 1719 2348 reading
1742 2308 1769 2338 is

993 2354 1001 2367 ‘
1010 2350 1214 2390 pervenisse?

1035 2403 1117 2432 quae
1133 2403 1216 2422 nune
1231 2391 1354 2432 omnes]
1381 2396 1401 2409 “
1412 2392 1503 2423 Editi
1519 2393 1625 2423 adhuc
1642 2393 1767 2433 quibus,

989 2435 1024 2465 in
1047 2446 1111 2475 qua
1132 2435 1294 2475 scriptura
1316 2435 1444 2466 difficile
1461 2436 1531 2476 jam
1555 2438 1638 2467 esset
1661 2447 1768 2467 omnes

990 2478 1032 2508 ad
1048 2480 1171 2508 ceteras
1193 2478 1340 2509 nationes
1362 2479 1481 2509 referre
1491 2479 1512 2492 ’³
1530 2480 1690 2521 (Zumpt).
1735 2479 1766 2510 R

990 2520 1020 2550 V
1037 2521 1065 2551 G
1076 2522 1093 2551 1
1108 2523 1127 2551 2
1142 2521 1224 2551 have
1241 2525 1249 2538 ‘
1259 2521 1362 2561 quae?

1033 2564 1223 2605 Achaiam]
1272 2565 1330 2595 See
1355 2564 1465 2594 Diw'n.
1493 2575 1519 2595 c.
1547 2566 1598 2602 20,
1623 2567 1701 2596 note
1723 2575 1766 2596 on

990 2606 1026 2636 P.
1044 2608 1198 2637 Gabinius
1208 2620 1217 2644 3
1241 2607 1304 2637 and
1328 2608 1391 2638 Pro
1411 2608 1535 2643 Flacco,
1552 2618 1579 2638 c.
1601 2609 1652 2644 26,
1676 2610 1764 2645 note,

989 2650 1053 2680 and
1084 2661 1110 2680 c.
1142 2650 1193 2687 27,
1225 2651 1331 2681 where
1369 2650 1481 2681 Cicero
1515 2661 1587 2691 says
1621 2654 1629 2667 ‘
1641 2651 1765 2682 Achaia

989 2694 1121 2723 cuncta’
1135 2694 1198 2723 and
1211 2693 1360 2724 ‘Graecia
1373 2694 1512 2730 cuncta‚'
1524 2694 1588 2724 and
1605 2694 1644 2723 In
1657 2694 1764 2724 Pison.

989 2746 1015 2766 c.
1033 2737 1084 2772 16,
1101 2737 1207 2767 whcre
1230 2737 1270 2767 hc
1291 2737 1400 2767 writes
1425 2741 1433 2753 ⁶
1446 2737 1548 2767 omnis
1563 2737 1685 2766 Achaia
1703 2760 1710 2767 .
1730 2760 1736 2767 .
1755 2760 1762 2767 .

988 2782 1105 2810 cuncta
1130 2779 1287 2810 Graecia?
1334 2780 1367 2809 It
1393 2779 1419 2809 is
1445 2779 1626 2819 impossible
1649 2782 1684 2810 to
1707 2790 1763 2820 say

987 2822 1076 2852 what
1089 2822 1201 2853 Cicero
1216 2832 1326 2852 means
1340 2822 1383 2862 by
1395 2822 1518 2853 Achaia
1533 2822 1597 2852 and
1607 2821 1742 2853 Graecia
1751 2835 1762 2860 3

986 2864 1027 2895 he
1043 2865 1101 2896 has
1116 2865 1195 2897 used
1210 2865 1301 2896 these
1316 2867 1418 2896 ternis
1433 2875 1511 2906 very
1526 2865 1654 2906 loosely.
