1849 3167
476 86 605 130 AOT.
637 86 701 129 Π.
733 85 923 129 LIBER
956 86 1237 135 QUINTUS.
1586 94 1670 137 599

69 206 307 244 ceterorum
336 216 402 243 res
431 201 574 244 minus
602 201 819 244 commode
856 206 996 258 gestas
1035 202 1250 259 proferas:
1301 204 1414 248 nihil
1453 212 1516 249 est
1555 209 1670 264 quod

68 268 302 310 multorum
331 268 559 324 naufragia
593 267 789 310 fortunae
821 268 1010 324 colligas.
1073 269 1168 324 Ego
1202 285 1332 312 naves
1359 271 1508 314 inanes
1539 273 1669 316 fuisse

68 334 175 384 dico,
210 334 392 390 remiges
424 340 659 389 nautasque
693 333 898 384 dimissos,
935 334 1122 390 reliquos
1154 336 1357 391 stirpibus
1389 338 1545 380 vixisse
1577 339 1667 395 pal-

67 414 247 450 marum,
270 400 499 456 praefuisse
531 400 654 441 classi
683 399 832 455 populi
858 399 1045 441 Romani
1077 400 1281 452 Siculum,
1313 409 1516 458 perpetuo
1548 404 1670 446 sociis

67 469 195 520 atque
225 466 372 507 amicis
402 466 743 522 Syracusanum3
776 471 818 507 te
847 465 922 507 illo
955 471 1144 521 tempore
1173 466 1265 522 ipso
1303 468 1671 525 superioribusque

66 530 215 572 diebus
235 531 430 574 omnibus
450 531 497 573 in
516 531 661 573 littore
682 545 780 572 cum
799 530 1062 574 mulierculis
1091 537 1336 588 perpotasse
1367 533 1460 575 dico
1477 549 1486 575 :
1517 535 1672 577 harum

65 610 210 638 rerum
230 597 422 639 omnium
443 601 633 638 auctores
654 601 865 651 testesque
884 597 1084 651 produco.
1145 597 1265 640 Num
1295 598 1375 640 tibi
1394 598 1604 641 insultare
1624 600 1671 642 in

66 661 320 713 calamitate,
342 678 448 704 num
467 661 750 704 intercludere
771 661 970 717 perfugia
990 662 1200 713 fortunae,
1220 678 1326 705 num
1346 679 1467 706 casus
1498 665 1671 708 bellicos

65 730 321 782 exprobrare
354 735 428 771 aut
454 730 635 786 objicere
664 731 844 788 videor?
883 731 1055 773 tametsi
1093 731 1232 773 solent
1271 732 1305 773 ii
1336 732 1556 775 fortunam
1590 734 1672 776 sibi

64 795 192 851 objici
212 796 326 837 nolle
346 796 421 852 qui
441 812 484 838 se
504 797 701 839 fortunae
722 796 1037 847 commiserunt,
1059 797 1135 853 qui
1154 797 1201 839 in
1221 797 1312 854 ejus
1342 799 1543 854 periculis
1572 808 1672 843 sunt

64 875 113 901 ac
134 861 340 904 varietate
362 862 532 904 versati.
593 862 725 904 Istius
751 862 926 918 quidem
945 862 1200 905 calamitatis
1221 869 1320 905 tuae
1341 864 1514 906 fortuna
1534 865 1668 920 parti-

63 940 160 981 ceps
180 942 267 969 non
291 927 385 969 fuit.
447 927 656 970 Homines
686 927 802 970 enim
833 928 881 969 in
912 928 1097 983 proeliis,
1129 944 1216 970 non
1243 929 1290 970 in
1317 929 1537 979 conviviis,
1569 929 1673 971 belli

63 991 281 1034 fortunam
301 993 535 1048 periclitari
555 993 720 1036 solent:
751 993 798 1034 in
817 993 893 1035 illa
920 999 1064 1035 autem
1093 994 1334 1036 calamitate
1366 1010 1453 1036 non
1485 995 1672 1037 Martem

62 1056 191 1099 fuisse
212 1073 479 1100 communem
499 1059 573 1100 sed
593 1059 807 1100 Venerem
826 1073 1048 1114 possumus
1069 1059 1220 1102 dicere.
1262 1059 1385 1106 Quod
1402 1060 1438 1101 si
1454 1060 1672 1102 fortunam

62 1123 144 1166 tibi
163 1123 292 1179 objici
311 1139 397 1165 non
418 1129 597 1179 oportet,
620 1139 695 1166 cur
715 1129 765 1165 tu
784 1123 981 1165 fortunae
1003 1124 1176 1166 illorum
1188 1125 1486 1167 innocentium
1499 1126 1672 1167 veniam

62 1204 111 1230 ac
131 1189 272 1231 locum
291 1204 378 1231 non
398 1189 587 1231 dedisti?
645 1189 792 1230 Etiam
812 1189 921 1230 illud
940 1190 1159 1244 praecidas
1180 1190 1293 1240 licet,
1317 1195 1359 1231 te
1381 1191 1495 1246 quod
1509 1191 1669 1246 suppli-

62 1254 175 1295 cium
195 1269 311 1296 more
331 1254 542 1310 majorum
573 1254 801 1309 sumpseris
833 1255 1054 1310 securique
1085 1255 1354 1310 percusseris,
1377 1255 1536 1298 idcirco
1558 1271 1582 1297 a
1602 1271 1671 1298 me

60 1319 107 1361 in
128 1319 290 1361 crimen
310 1324 353 1361 et
371 1320 419 1360 in
438 1319 648 1361 invidiam
667 1319 820 1362 vocari.
881 1320 983 1362 Non
1017 1320 1065 1362 in
1097 1320 1306 1376 supplicio
1338 1320 1503 1362 crimen
1527 1337 1671 1363 meum

59 1387 267 1429 vertitur:
299 1402 385 1429 non
406 1402 485 1442 ego
505 1402 617 1443 nego
637 1386 774 1429 securi
794 1401 1052 1442 quemquam
1071 1386 1194 1428 feriri
1220 1391 1414 1442 oportere
1433 1403 1442 1429 :
1473 1402 1561 1429 non
1591 1402 1671 1443 ego

59 1458 223 1494 metum
243 1468 297 1494 ex
317 1468 362 1494 re
382 1452 574 1502 militari,
597 1467 684 1494 non
705 1452 976 1494 severitatem
995 1452 1180 1508 imperii,
1203 1467 1290 1494 non
1310 1467 1492 1508 poenam
1512 1452 1670 1509 flagitii

59 1518 156 1560 tolli
189 1518 284 1560 dico
316 1523 524 1574 oportere.
586 1517 744 1560 Fateor
764 1533 852 1560 non
872 1519 998 1560 modo
1019 1518 1063 1561 in
1087 1518 1218 1560 socios
1239 1519 1313 1561 sed
1334 1518 1465 1560 etiam
1486 1518 1533 1560 in
1554 1519 1669 1561 cives

59 1583 301 1639 militesque
321 1589 486 1626 nostros
505 1599 707 1639 persaepe
728 1599 817 1626 esse
837 1599 981 1626 severe
1008 1599 1057 1626 ac
1087 1584 1364 1626 vehementer
1389 1584 1668 1626 vindicatum.

63 1648 158 1695 Qua
177 1665 223 1691 re
243 1649 347 1690 haec
368 1665 534 1705 quoque
555 1650 869 1704 praetermittas
889 1650 1002 1692 licet.
1064 1650 1140 1691 LI.
1173 1651 1268 1705 Ego
1303 1650 1474 1704 culpam
1505 1664 1593 1690 non
1622 1649 1670 1691 in

59 1715 287 1757 navarchis
307 1715 380 1756 sed
400 1715 447 1756 in
467 1720 510 1756 te
530 1714 659 1757 fuisse
679 1716 922 1758 demonstro
940 1731 948 1757 :
981 1720 1025 1757 te
1045 1715 1182 1771 pretio
1212 1715 1395 1770 remiges
1427 1714 1670 1770 militesque

60 1780 270 1822 dimisisse
302 1795 446 1835 arguo.
507 1780 603 1822 Hoc
637 1780 842 1822 navarchi
882 1780 1039 1836 reliqui
1074 1781 1251 1823 dicunt:
1296 1780 1376 1822 hoc
1411 1780 1670 1823 Netinorum

61 1846 278 1887 foederata
298 1845 447 1886 civitas
467 1845 637 1900 publice
658 1845 764 1887 dicit
783 1861 791 1887 :
823 1845 904 1887 hoc
937 1845 1234 1895 Amestratini,
1267 1845 1347 1887 hoc
1375 1844 1667 1896 Herbitenses,

60 1911 140 1953 hoc
172 1911 439 1960 Hennenses,
472 1910 782 1966 Agyrinenses,
821 1910 1108 1967 Tyndaritani
1140 1910 1311 1966 publice
1352 1911 1528 1952 dicunt:
1570 1916 1669 1953 tuus

60 1976 244 2032 denique
280 1976 411 2026 testis,
449 1981 547 2017 tuus
579 1975 822 2031 imperator,
857 1981 955 2018 tuus
990 1975 1192 2026 aemulus,
1229 1980 1328 2017 tuus
1362 1975 1514 2031 hospes
1547 1975 1667 2019 Cleo-

931 2099 1078 2130 M'arlem
1096 2121 1103 2128 .
1121 2121 1128 2128 .
1141 2098 1352 2140 communem]
1390 2098 1448 2129 See
1462 2099 1524 2129 Pro
1534 2099 1668 2136 Milone,

99 2099 279 2141 perpetuo]
314 2103 335 2117 “
346 2103 355 2117 ‘
365 2101 522 2140 perpetuo
535 2099 543 2112 '
557 2099 648 2129 codd.
660 2101 791 2140 praeter
800 2099 840 2135 V,

887 2153 914 2173 c.
940 2144 992 2178 21,
1019 2141 1142 2172 “Adde
1164 2152 1266 2178 casus,
1290 2142 1372 2173 adde
1398 2143 1538 2173 incertos
1561 2143 1668 2174 exitus

61 2143 95 2174 in
102 2146 358 2184 quo‘perpetum
369 2143 553 2183 sociumque
564 2143 686 2172 amicis’
697 2142 841 2183 legitur’'

62 2187 224 2228 (Iordan).
271 2187 306 2217 If
318 2190 326 2203 ‘
337 2188 494 2226 perpetuo
505 2186 513 2198 '
530 2186 555 2215 is
572 2186 673 2225 right,
691 2196 737 2216 we
754 2187 842 2216 must

61 2233 199 2261 connect
215 2230 243 2260 it
259 2230 339 2261 with
357 2234 365 2246 ‘
376 2229 468 2260 sociis
487 2231 585 2268 atque
604 2228 738 2264 amicisss
760 2232 768 2245 ‘
782 2239 840 2259 un-

60 2273 302 2314 interruptcffly
319 2273 408 2303 allies
424 2272 488 2302 and
504 2272 625 2302 friends
632 2271 651 2308 ;’
674 2271 723 2301 for
745 2273 841 2313 Syra-

62 2327 136 2347 cuse
161 2317 225 2347 had
251 2316 345 2346 made
366 2316 423 2346 the
444 2318 584 2345 stoutest
608 2315 782 2345 resistam-e
806 2318 841 2345 to

61 2359 175 2396 Rome,
196 2360 290 2390 while
313 2359 408 2389 other
431 2358 562 2388 Sieilian
585 2360 687 2388 states
710 2358 774 2389 had
796 2358 841 2389 al·

61 2413 148 2443 ways
160 2403 242 2433 been
253 2402 404 2443 friendly.
439 2401 538 2431 Orelli
550 2401 659 2431 writes
672 2402 754 2431 from
767 2412 841 2432 con-

56 2445 186 2486 jecture
210 2444 472 2485 ‘praepositunn’
495 2444 655 2484 referring·
677 2447 712 2475 to
737 2455 764 2475 c.
788 2446 840 2481 38,

63 2489 148 2528 “qui
172 2499 191 2518 a
214 2488 279 2518 suis
302 2488 491 2518 civitatibus
515 2487 577 2517 illis
600 2488 735 2517 navibus
751 2498 840 2528 prae-

62 2531 158 2572 positi
182 2531 348 2562 fuerant.''
395 2531 446 2561 lle
471 2530 550 2560 adds
577 2533 700 2561 “totus
730 2534 840 2562 autem

62 2585 152 2605 error
164 2574 356 2610 indonatus,
364 2573 448 2614 quod
460 2576 555 2604 notae
569 2573 643 2604 P.1‘.
656 2574 842 2614 significant

62 2620 96 2648 et
108 2618 324 2657 Praeposilus
337 2620 369 2647 et
383 2617 580 2656 Perpetuus:
598 2617 686 2657 (vid.
700 2617 842 2648 Iudicem

64 2660 91 2691 1.
110 2660 245 2700 Inserip.
261 2671 360 2690 mear.
379 2660 451 2690 Lat.
468 2660 504 2689 Τ.
522 2662 551 2690 2.
569 2671 599 2700 p.
616 2660 735 2700 -167.)’'

102 2703 460 2744 pazt-siwiasoi-lunam]
503 2703 560 2733 113
572 2709 593 2732 λ
611 2702 671 2743 Lg.
684 2705 736 2734 29.
774 2703 842 2734 The

63 2747 231 2787 ‘perfugia
255 2746 425 2777 tbrtunae’
449 2756 503 2776 are
527 2746 584 2776 the
603 2757 717 2777 excuse
737 2747 843 2778 which

63 2800 81 2820 a
109 2800 184 2820 man
209 2790 319 2820 makes
343 2790 385 2830 by
410 2789 554 2829 alleging
581 2789 630 2819 his
654 2789 689 2820 ill
715 2789 802 2828 luck‚
825 2801 844 2821 a

63 2833 161 2874 thing
176 2833 283 2864 which
299 2843 372 2874 may
389 2832 487 2864 bcfall
502 2842 565 2874 any
581 2843 652 2864 onc.

886 2196 1025 2226 pugnae,
1052 2185 1259 2225 Martemque
1284 2196 1487 2216 communem
1494 2186 1526 2222 ;”
1561 2186 1668 2217 where

887 2234 894 2245 ‘
908 2229 996 2259 Mars
1019 2228 1199 2259 eommunis
1210 2228 1218 2241 ’
1240 2228 1383 2268 explains
1404 2239 1440 2259 or
1456 2229 1482 2258 is
1498 2229 1668 2269 explained

885 2272 927 2312 by
944 2272 1001 2302 the
1018 2275 1084 2302 rest
1105 2272 1142 2301 of
1161 2271 1218 2301 the
1238 2274 1400 2302 sentence.
1447 2272 1505 2302 See
1521 2272 1587 2303 also
1606 2273 1668 2303 Pro

887 2315 1001 2351 Sestio,
1018 2326 1045 2345 e.
1063 2316 1093 2351 5,
1110 2314 1174 2345 and
1187 2314 1244 2345 the
1257 2319 1343 2346 note.
1387 2319 1394 2331 ‘
1407 2315 1565 2345 Venerem
1582 2326 1667 2346 eoni-

885 2369 1016 2389 munem
1028 2358 1037 2371 ’
1054 2358 1080 2389 is
1096 2368 1137 2388 an
1153 2357 1289 2388 allusion
1311 2361 1346 2389 to
1363 2358 1489 2389 Verres'
1507 2358 1668 2400 intrigues

886 2401 966 2432 with
983 2401 1078 2432 other
1093 2401 1194 2431 men’s
1209 2401 1316 2431 wives.

924 2444 1106 2485 praecidas
1122 2444 1206 2480 licet,
1219 2446 1250 2474 {e
1260 2443 1362 2486 quod]
1398 2444 1412 2474 1
1426 2444 1508 2475 have
1520 2444 1668 2476 followed

886 2487 1013 2519 Orelli’s
1029 2490 1111 2518 text.
1158 2487 1276 2527 Zumpt
1298 2488 1355 2518 has
1377 2492 1385 2504 ‘
1398 2488 1564 2528 praecidas
1579 2488 1667 2524 lieet,

886 2531 925 2562 de
941 2531 990 2561 his
1011 2530 1118 2571 quod?
1165 2535 1172 2547 ‘
1186 2531 1230 2561 'l‘e
1243 2531 1251 2543 ’
1275 2541 1376 2561 seems
1395 2534 1430 2561 to
1451 2531 1489 2562 be.
1509 2531 1667 2571 wanting,

886 2574 951 2605 and
974 2575 1001 2605 it
1017 2574 1044 2604 is
1059 2574 1093 2604 in
1109 2579 1131 2604 λ
1148 2573 1209 2614 Lg.
1227 2575 1268 2604 29
1285 2574 1379 2604 V.-‘
1390 2574 1478 2604 feriri
1499 2577 1647 2613 oportere
1658 2573 1667 2587 '

888 2618 1018 2658 Zumpt,
1035 2618 1117 2647 from
1136 2617 1163 2646 V
1177 2630 1184 2653 ;
1210 2617 1317 2647 ‘feriri
1334 2617 1450 2646 debere
1463 2617 1471 2628 '
1488 2616 1599 2646 Orelli.

930 2672 969 2691 ex
986 2661 1036 2700 re]
1086 2664 1093 2677 ‘
1106 2661 1139 2690 in
1155 2660 1208 2689 re'
1228 2660 1267 2695 V,
1284 2660 1347 2689 and
1366 2659 1475 2689 Ilalm.

930 2706 982 2735 51.
1019 2699 1235 2743 Hennenses]
1278 2703 1360 2742 ng.
1393 2702 1547 2742 plerique,
1581 2706 1589 2719 ‘
1602 2701 1666 2733 En-

888 2747 1016 2778 nenses’
1030 2747 1068 2782 V,
1081 2753 1088 2763 ⁴
1104 2746 1284 2776 Ethneuses
1295 2745 1303 2757 '
1320 2745 1386 2775 alii.
1411 2746 1476 2776 mut
1491 2745 1593 2776 ofthe
1603 2746 1666 2777 last

888 2790 1024 2830 reading
1038 2789 1135 2819 Halm
1149 2789 1206 2819 has
1217 2788 1311 2819 made
1328 2789 1544 2825 ‘Aetnenses’
1560 2789 1665 2820 which

887 2844 961 2875 may
985 2833 1025 2864 be
1048 2832 1150 2873 right.
1196 2831 1264 2863 But
1288 2831 1304 2863 I
1327 2842 1378 2863 see
1399 2841 1441 2863 no
1458 2841 1571 2864 reason
1592 2832 1665 2873 why
