1849 3167
565 114 693 157 AOT.
725 114 790 157 II.
820 113 1008 157 LIBER
1037 112 1305 157 TERTIUS.
1664 114 1749 156 413

137 229 230 279 bus,
253 228 289 270 si
315 227 351 270 is
378 227 453 284 qui
480 228 562 270 erit
592 230 799 271 adductus
828 229 876 270 in
899 227 1124 285 judicium,
1147 244 1282 283 quum
1307 227 1546 270 manifestis
1566 227 1745 285 flagitiis

137 294 367 343 tenebitur,
391 294 496 335 alios
526 295 674 336 eadem
703 295 850 336 fecisse
880 294 1006 343 dicet,
1028 293 1095 334 illi
1125 293 1322 348 exempla
1347 308 1434 334 non
1462 294 1654 343 deerunt,
1683 296 1747 335 rei

138 359 333 414 publicae
361 359 473 401 salus
501 360 650 410 deerit,
682 360 718 402 si
747 360 1040 415 improborum
1067 359 1273 414 exemplis
1298 359 1483 414 improbi
1505 360 1668 415 judicio
1698 376 1746 402 ac

138 424 327 479 periculo
354 425 662 466 liberabuntur.
724 425 904 466 Placent
927 424 1047 466 vobis
1071 424 1296 465 hominum
1322 425 1494 465 mores?
1525 425 1663 479 placet
1685 426 1746 467 ita

139 490 232 544 geri
253 489 530 545 magistratus
550 496 598 531 ut
620 496 829 546 geruntur
843 490 863 531 P
888 490 1027 545 placet
1049 489 1181 531 socios
1202 489 1261 530 sic
1282 489 1459 530 tractari
1480 490 1593 544 quod
1614 496 1747 531 restat

138 560 188 596 ut
217 570 294 610 per
323 555 427 597 haec
452 561 644 611 tempora
673 561 877 597 tractatos
897 555 1087 596 videtis?
1117 569 1193 596 cur
1219 554 1324 596 haec
1352 570 1376 595 a
1405 570 1474 595 me
1492 570 1619 610 opera
1646 571 1744 597 con-

139 621 322 662 sumitur
336 621 356 662 ?
387 621 492 676 quid
512 621 667 663 sedetis
684 622 703 662 P
735 637 810 662 cur
829 636 916 662 non
937 621 984 661 in
1004 620 1145 661 media
1160 620 1351 661 oratione
1372 634 1467 661 mea
1487 621 1747 676 consurgitis

140 693 268 741 atque
289 686 539 728 disceditis?
598 687 744 728 Vultis
774 691 918 728 autem
943 686 1122 727 istorum
1149 685 1370 727 audaciam
1397 691 1525 741 atque
1546 685 1746 727 libidines

141 751 284 806 aliqua
300 767 353 793 ex
368 758 489 807 parte
502 767 689 794 resecare
704 753 724 794 Ρ
754 752 949 793 Desinite
966 751 1161 792 dubitare
1177 756 1323 792 utrum
1339 751 1394 792 sit
1410 751 1558 792 utilius
1573 758 1748 807 propter

139 817 297 858 multos
317 817 529 872 improbos
550 818 627 858 uni
646 833 833 873 parcere,
857 832 912 859 an
931 817 1058 858 unius
1079 816 1263 872 improbi
1284 816 1492 872 supplicio
1511 817 1747 858 multorum

140 881 460 937 improbitatem
481 888 684 924 co'e'rcere.

198 947 290 989 XO.
324 949 510 990 Tametsi
530 964 638 1004 quae
658 949 740 990 ista
761 953 860 989 sunt
881 923 1076 1022 exempla
1095 947 1362 989 multorum?
1411 947 1526 990 Nam
1547 963 1678 1003 quum
1699 948 1746 989 in

141 1017 263 1055 tanta
285 1030 421 1065 causa,
444 1030 577 1070 quum
596 1015 642 1055 in
663 1014 842 1056 crimine
863 1014 1050 1055 maximo
1071 1014 1156 1055 dici
1177 1030 1201 1055 a
1226 1013 1445 1055 defensore
1466 1020 1662 1069 coeptum
1683 1022 1747 1055 est

140 1079 385 1121 factitatum
424 1096 511 1121 esse
552 1080 728 1135 aliquid,
766 1085 1015 1135 exspectant
1055 1079 1087 1120 ii
1122 1079 1197 1134 qui
1237 1080 1418 1120 audiunt
1459 1079 1653 1133 exempla
1693 1095 1747 1120 ex

138 1150 282 1186 vetere
312 1145 528 1194 memoria,
553 1160 606 1186 ex
636 1146 924 1186 monumentis
950 1160 997 1186 ac
1024 1144 1174 1194 literis,
1196 1144 1325 1199 plena
1349 1145 1588 1200 dignitatis,
1620 1145 1747 1199 plena

140 1210 422 1265 antiquitatis.
484 1210 604 1251 Haec
635 1210 750 1251 enim
779 1210 1015 1265 plurimum
1049 1209 1186 1251 solent
1216 1215 1259 1251 et
1295 1210 1560 1252 auctoritatis
1590 1210 1747 1251 habere

139 1276 194 1317 ad
220 1276 488 1330 probandum
508 1280 550 1317 et
575 1276 861 1331 jucunditatis
891 1276 946 1317 ad
976 1275 1248 1316 audiendum.
1309 1275 1537 1317 Africanos
1567 1275 1676 1316 mihi
1706 1282 1748 1316 et

140 1341 321 1383 Catones
362 1346 404 1383 et
444 1341 612 1383 Laelios
653 1341 1013 1391 commemorabis,
1056 1346 1099 1382 et
1139 1356 1208 1383 eos
1247 1341 1363 1382 idem
1402 1341 1549 1383 fecisse
1597 1341 1710 1382 dices
1727 1344 1747 1382 :³

141 1407 347 1454 Quamvis
368 1422 433 1448 res
454 1407 562 1448 mihi
582 1422 668 1448 non
688 1407 867 1462 placeat,
884 1412 1030 1448 tamen
1043 1411 1193 1448 contra
1204 1407 1429 1448 hominum
1450 1408 1747 1449 auctoritatem

138 1487 334 1528 pugnare
367 1488 455 1514 non
487 1477 648 1528 potero.
716 1472 802 1523 An,
839 1488 972 1528 quum
1007 1488 1077 1514 eos
1117 1487 1204 1514 non
1244 1472 1415 1527 poteris,
1447 1472 1636 1528 proferes
1670 1473 1747 1514 hos

140 1542 343 1588 recentes,
369 1538 419 1584 Q.
444 1537 646 1579 Catulum
675 1543 856 1593 patrem,
880 1537 926 1579 O.
949 1537 1152 1587 Marium,
1178 1537 1228 1584 Q.
1253 1537 1511 1588 Scaevolam,
1534 1538 1595 1579 M.
1619 1538 1746 1580 Scau-

140 1618 249 1653 rum,
274 1603 324 1649 Q.
348 1603 607 1645 Metellum?
637 1603 712 1658 qui
733 1619 878 1645 omnes
898 1603 1139 1659 provincias
1159 1603 1401 1644 habuerunt
1422 1608 1464 1644 et
1484 1603 1749 1645 frumentum

142 1668 272 1711 cellae
302 1668 474 1710 nomine
505 1669 838 1723 imperaverunt.
900 1669 1064 1724 Magna
1094 1673 1157 1710 est
1187 1668 1411 1709 hominum
1441 1669 1682 1718 auctoritas,
1706 1676 1748 1710 et

142 1738 264 1775 tanta
284 1738 332 1773 ut
354 1732 484 1774 etiam
505 1733 651 1774 delicti
672 1734 955 1789 suspicionem
975 1738 1120 1788 tegere
1141 1733 1285 1788 possit.
1346 1733 1445 1774 Non
1467 1733 1597 1775 habes
1620 1749 1674 1775 nc
1695 1750 1748 1775 ex

142 1798 209 1840 his
243 1798 414 1853 quidem
447 1798 690 1840 hominibus
724 1799 799 1853 qui
833 1814 970 1853 nuper
1002 1798 1175 1839 fuerunt
1209 1798 1346 1839 ullum
1379 1804 1593 1840 auctorem
1625 1800 1748 1840 istius

143 1863 463 1906 aestimationis.
508 1863 601 1909 Quo
617 1879 684 1904 me
699 1863 835 1919 igitur
856 1869 930 1904 aut
951 1863 1004 1904 ad.
1020 1878 1128 1918 quac
1143 1878 1211 1904 me
1225 1863 1419 1917 exempla
1441 1879 1612 1905 revocas
1627 1864 1646 1905 P
1677 1864 1748 1904 Ab

143 1929 229 1971 illis
249 1929 506 1978 hominibus,
530 1929 603 1984 qui
625 1934 718 1970 tum
738 1928 896 1970 versati
925 1933 1024 1969 sunt
1051 1928 1097 1968 in
1125 1943 1170 1968 re
1190 1927 1360 1982 publica
1381 1944 1511 1983 quum
1534 1934 1576 1970 ct
1597 1929 1748 1984 optimi

142 2011 281 2037 mores
311 2000 433 2036 erant
463 1999 505 2035 ct
535 1994 757 2035 hominum
782 1993 1042 2035 existimatio
1075 1993 1217 2047 gravis
1246 1993 1482 2034 habebatur
1517 1999 1559 2034 et
1585 1994 1747 2050 judicia

143 2075 290 2102 severa
302 2060 473 2109 fiebant,
489 2060 542 2100 ad
563 2059 673 2100 hanc
694 2059 917 2099 hominum
938 2058 1162 2100 libidinem
1176 2073 1223 2099 ac
1236 2057 1455 2099 licentiam
1475 2074 1544 2100 me
1560 2060 1746 2109 abducis,

143 2131 186 2168 et
207 2126 252 2167 in
274 2141 377 2181 quos
399 2125 563 2180 aliquid
584 2124 770 2179 exempli
791 2123 973 2179 populus
994 2123 1213 2164 Romanus
1242 2123 1373 2164 statui
1393 2129 1516 2179 putat
1539 2130 1746 2179 oportere,

144 2193 198 2234 ab
228 2192 280 2234 iis
308 2196 356 2233 tu
380 2190 636 2232 defensionis
664 2189 858 2244 exempla
882 2188 1084 2244 quaeris?
1142 2188 1185 2230 N
1187 2203 1241 2229 on
1264 2188 1383 2244 fugio
1404 2204 1458 2230 ue
1479 2189 1555 2231 hos
1577 2190 1748 2245 quidem

144 2331 172 2363 it
203 2331 267 2362 and
293 2331 394 2362 refers
429 2332 464 2361 to
498 2340 525 2361 c.
556 2330 608 2361 611.
670 2329 728 2359 See.
759 2328 816 2359 tbe
847 2329 924 2359 note
968 2328 1026 2359 the
1053 2338 1158 2363 name,
1175 2339 1209 2358 ns
1226 2328 1345 2368 Zumpt
1367 2329 1523 2365 remarks,
1541 2329 1747 2361 well-known

144 2375 248 2406 there.
968 2381 1053 2402 meu.
1107 2372 1265 2412 Probably
1299 2372 1355 2402 the
1388 2372 1537 2403 Pontifex
1569 2373 1595 2402 is
1626 2378 1747 2404 meam.

189 2417 274 2457 quod
304 2416 427 2457 restat]
467 2426 577 2446 means
601 2415 654 2445 ‘iu
677 2414 866 2455 posterum,’
890 2424 924 2445 as
969 2415 1028 2445 See
1047 2415 1154 2445 Diviu.
1172 2426 1198 2445 ι·-
1218 2415 1268 2447 17.
1314 2415 1382 2445 ''lbe
1399 2415 1524 2446 Mitt-lli
1539 2427 1622 2447 uem
1638 2427 1747 2458 many.

145 2460 316 2491 Manutius
334 2459 493 2500 eorreetly
511 2459 654 2498 explains
670 2459 707 2488 it.
970 2458 1123 2489 Me·ttllus
1154 2458 1348 2488 Numidicus
1386 2469 1459 2500 ma3
1491 2459 1530 2489 be
1560 2463 1682 2497 111e·.‚1nt
1713 2472 1748 2491 as·

189 2503 267 2544 quid
297 2503 415 2533 sedetis
427 2502 456 2543 l]
519 2502 631 2532 Cicero
667 2501 832 2531 mldrosscs
868 2501 925 2532 tbe
970 2501 1090 2542 Zumpt
1105 2495 1265 2541 suggests,
1282 2512 1357 2532 cous
1343 2502 1392 2532 ul
1411 2511 1474 2532 ns.
1492 2503 1564 2533 109.

146 2546 311 2587 ‘judie-es?
351 2550 359 2563 ‘
372 2546 407 2575 1f
418 2545 496 2575 such
514 2556 568 2575 are
583 2555 665 2585 your
681 2544 837 2584 opinions,
850 2545 923 2585 wby
1011 2546 1114 2575 ullum
1144 2544 1326 2586 auctorem]
1383 2550 1467 2586 ίιιιι)
1501 2556 1561 2576 one
1596 2546 1668 2576 ubo
1698 2550 1748 2577 set

146 2590 187 2621 do
202 2600 266 2630 you
282 2589 325 2619 sit
340 2589 443 2619 here?
469 2589 541 2628 why
559 2588 650 2618 dou't
665 2598 729 2628 you
746 2587 807 2617 riso
823 2598 866 2628 up
882 2588 924 2618 ull
969 2588 1026 2619 the
1041 2588 1186 2628 example
1201 2589 1263 2618 ot
1249 2589 1328 2618 such
1345 2599 1363 2619 a
1380 2579 1482 2629 fixhig
1497 2590 1534 2619 of
1546 2589 1602 2620 th<
1615 2590 1703 2630 price
1713 2601 1747 2620 as

145 2635 181 2664 at
197 2643 275 2663 ouee
292 2633 325 2661 iu
342 2632 398 2662 the
414 2631 513 2661 midst
529 2631 565 2661 of
576 2641 628 2671 my
646 2631 787 2665 amu-oss,
803 2631 867 2660 aud
883 2631 922 2661 be
966 2642 1030 2672 you
1046 2632 1128 2662 bave
1144 2631 1307 2671 adopted?

145 2687 229 2717 gone
242 2676 272 2706 ?'
319 2675 354 2705 If
365 2675 442 2705 such
460 2685 514 2705 are.
529 2684 611 2714 your
627 2674 782 2714 opiuimm,
796 2674 883 2704 what
897 2674 922 2703 is
1010 2675 1055 2705 ad
1071 2686 1153 2715 quae
1178 2686 1224 2705 me
1244 2674 1410 2715 arempla]
1452 2678 1460 2691 ‘
1473 2675 1513 2705 ud
1529 2685 1611 2715 quae
1627 2685 1678 2705 me
1694 2686 1747 2706 ex-

146 2720 204 2750 tho
230 2729 284 2749 use
308 2718 345 2747 of
365 2728 383 2748 a
414 2717 752 2748 trial?-—*‘au‹bu·iam
784 2728 820 2747 ac
851 2717 921 2747 libi-
967 2718 1094 2758 empla'
1124 2718 1183 2758 Ιις.
1212 2720 1272 2753 -1-2;
1297 2718 1355 2748 but
1383 2718 1502 2757 Zumpt
1530 2718 1587 2748 bas
1612 2722 1670 2749 not
1695 2730 1746 2749 ac-

148 2762 258 2793 diues'
278 2761 316 2791 V.
348 2761 468 2801 Zumpt
484 2760 548 2790 aud
566 2760 684 2790 lordau
701 2760 782 2790 have
802 2765 810 2777 ‘
823 2760 921 2791 auda-
967 2762 1082 2802 cepted
1107 2761 1164 2792 the
1196 2761 1341 2791 ‘messffi‘
1354 2765 1387 2791 et
1409 2761 1534 2801 judicia
1558 2772 1668 2791 severa
1694 2763 1746 2791 fiv-

147 2805 234 2839 cias-3
255 2805 310 2835 Sic.
968 2805 1081 2835 bant?
1115 2805 1234 2844 Zumpt
1257 2807 1402 2843 suspects
1429 2804 1504 2835 that
1529 2804 1619 2836 these
1644 2805 1747 2834 words

190 2850 243 2881 90.
272 2849 311 2888 Q.
329 2845 548 2888 Scaevolam]
594 2846 620 2877 T
623 2846 699 2878 herc
714 2857 797 2879 were
813 2849 878 2879 two
893 2847 930 2879 of
970 2858 1024 2879 are
1040 2859 1082 2879 uu
1098 2847 1340 2889 interpolation.
