1849 3167
498 139 624 181 AOT.
657 138 720 180 II.
752 136 938 179 LIBER
969 135 1293 178 SECUNDUS.
1561 166 1565 171 .
1612 134 1696 176 265

93 269 356 310 cognoscere,
380 253 575 309 colloqui,
598 257 832 302 attentare3
856 265 910 293 ex
928 255 1110 305 utraque
1133 254 1255 305 parte
1276 264 1433 298 causas,
1457 247 1698 290 voluntates

92 320 341 376 perspicere,
364 318 586 360 facultates
613 324 656 359 et
686 317 852 372 copias;
885 316 1039 371 quibus
1066 331 1171 370 opus
1202 318 1309 355 esset
1336 319 1498 354 metum
1522 313 1696 363 offerre;

94 386 247 440 quibus
272 384 491 439 expediret
518 399 637 438 spem
656 383 898 425 ostendere:
932 386 1223 422 accusatorum
1250 384 1292 420 et
1319 378 1699 434 quadruplatorum

95 450 305 505 quidquid
335 454 426 490 erat
455 449 638 490 habebat
668 449 714 489 in
743 452 976 502 potestate:
1009 446 1122 501 quod
1152 444 1303 499 cuique
1332 443 1497 499 negotii
1518 443 1699 484 conflare

95 515 263 557 volebat
283 515 401 556 nullo
422 515 565 555 labore
586 514 766 555 faciebat
783 528 791 554 :
822 512 944 553 istius
965 511 1108 553 omnia
1138 511 1319 558 decreta,
1342 508 1534 563 imperia,
1557 508 1700 549 literas

95 580 351 636 peritissime
382 588 424 621 et
454 580 723 621 callidissime
753 578 1014 620 venditabat.
1075 575 1141 617 Ac
1161 590 1248 617 non
1277 575 1414 616 solum
1444 578 1535 615 erat
1566 573 1699 614 admi-

96 646 230 686 nister
259 645 381 686 istius
406 645 701 700 cupiditatum,
723 658 873 685 verum
894 643 1023 684 etiam
1043 642 1133 697 ipse
1161 641 1226 682 sui
1255 640 1533 690 meminerat;
1564 653 1702 694 neque

97 711 234 752 solum
273 725 468 751 nummos
504 710 540 751 si
574 709 649 765 qui
687 709 760 750 isti
790 708 1036 749 exciderant
1075 706 1224 748 tollere
1259 706 1432 755 solebat,
1465 720 1519 746 ex
1548 704 1702 759 quibus

97 775 322 831 pecuniam
362 775 596 816 maximam
627 774 740 823 fecit,
778 774 851 815 sed
883 773 1013 814 etiam
1052 771 1323 826 voluptatum
1356 770 1703 825 flagitiorumque

96 841 220 882 istius
241 841 330 895 ipse
351 840 552 895 reliquias
576 839 816 894 colligebat.
877 838 1031 893 Itaque
1055 837 1102 877 in
1126 836 1271 877 Sicilia
1291 850 1377 876 non
1397 835 1701 883 Athenionem,

98 905 173 961 qui
202 905 371 946 nullum
401 905 605 960 oppidum
636 904 761 958 cepit,
794 903 866 944 sed
897 901 1213 943 Timarchidem
1243 900 1478 955 fugitivum
1507 900 1703 940 omnibus

98 971 265 1026 oppidis
299 986 375 1026 per
409 970 645 1011 triennium
675 970 824 1010 scitote
854 983 1078 1023 regnasse:
1120 966 1167 1007 in
1197 965 1460 1006 Timarchidi
1494 968 1704 1019 potestate

99 1037 308 1077 sociorum
341 1035 490 1091 populi
529 1034 715 1076 Romani
756 1033 1150 1088 antiquissimorum
1190 1036 1317 1085 atque
1353 1029 1705 1071 amicissimorum

97 1101 263 1150 liberos,
292 1100 647 1148 matresfamilias,
671 1099 793 1148 bona,
820 1098 1095 1151 fortunasque
1123 1111 1266 1137 omnes
1287 1095 1428 1136 fuisse.
1490 1094 1535 1135 Is
1556 1094 1703 1148 igitur,

98 1171 147 1206 ut
177 1166 284 1216 dico,
317 1165 608 1206 Timarchides
639 1164 686 1204 in
721 1178 866 1204 omnes
902 1162 1097 1204 civitates
1135 1166 1306 1215 accepto
1340 1159 1477 1214 pretio
1514 1174 1706 1200 censores

99 1231 274 1272 dimisit.
337 1230 520 1271 Comitia
558 1229 640 1270 isto
679 1233 873 1284 praetore
909 1241 1131 1270 censorum
1170 1240 1223 1266 ne
1263 1223 1495 1266 simulandi
1533 1223 1707 1279 quidem

99 1311 223 1338 eausa
243 1295 429 1336 fuerunt.
1120 1302 1127 1305 ·

155 1360 248 1402 LV.
291 1360 320 1401 J
322 1375 391 1401 am
422 1360 502 1401 hoc
533 1357 926 1414 impudentissime:
968 1356 1124 1412 palam,
1160 1355 1317 1397 licebat
1357 1353 1472 1396 enim
1506 1353 1708 1396 videlicet

97 1426 278 1482 legibus,
310 1425 492 1481 singulis
523 1424 764 1466 censoribus
795 1422 960 1465 denarii
991 1422 1172 1464 trecenti
1202 1421 1256 1462 ad
1286 1425 1471 1462 statuam
1500 1419 1707 1475 praetoris

98 1491 297 1546 imperati
318 1495 430 1532 sunt.
493 1489 695 1531 Censores
717 1503 832 1530 cxxx
852 1488 955 1529 facti
979 1492 1103 1529 sunt:
1135 1486 1362 1542 pecuniam
1387 1485 1508 1526 illam
1534 1485 1587 1526 ob
1609 1499 1705 1525 ecn-

99 1571 242 1598 suram
268 1561 416 1597 contra
445 1555 562 1610 leges
592 1555 703 1596 clam
732 1555 966 1604 dederunt3
1007 1553 1112 1594 haec
1139 1551 1362 1593 denarium
1392 1564 1535 1591 xxxlx
1570 1549 1707 1590 millia

98 1621 241 1676 palam
265 1621 393 1662 salvis
412 1621 580 1676 legibus
600 1619 874 1662 contulerunt
894 1619 941 1659 in
962 1623 1159 1660 statuam.
1221 1616 1416 1657 Primum
1437 1630 1520 1670 quo
1541 1620 1707 1656 tantam

100 1686 358 1741 pecuniam?
417 1685 584 1726 Deinde
624 1685 900 1740 quamobrem
940 1698 1131 1725 censores
1171 1682 1226 1723 ad
1265 1686 1451 1722 statuam
1490 1680 1571 1721 tibi
1606 1695 1704 1720 con-

100 1750 327 1792 ferebant?
398 1750 513 1791 Ordo
548 1749 681 1804 aliqui
713 1764 933 1790 censorum
965 1753 1040 1797 est,
1075 1746 1317 1802 collegium,
1355 1759 1490 1800 genus
1531 1744 1705 1798 aliquod

100 1815 335 1857 hominum.
396 1815 511 1856 Nam
545 1819 619 1856 aut
657 1813 825 1868 publice
860 1812 1054 1853 civitates
1085 1811 1186 1852 istos
1216 1811 1396 1851 honores
1426 1809 1598 1857 habent,
1632 1813 1705 1850 aut

103 1880 341 1936 generatim
379 1879 585 1928 homines,
627 1882 676 1919 ut
715 1883 914 1926 aratores,
956 1881 1004 1917 ut
1043 1880 1308 1924 mercatores,
1350 1879 1398 1915 ut
1437 1873 1702 1915 navicularii.

146 2003 278 2044 tollere]
327 2004 381 2033 ‘to
396 2001 474 2032 take
490 2012 544 2041 up,
566 2000 599 2031 in
615 2000 709 2031 order
725 2001 760 2030 to
775 1999 879 2039 keep.'
924 1997 1037 2038 gation
1062 1997 1089 2027 is
1112 2006 1291 2036 necessary.
1337 1994 1449 2026 Cicero
1473 2005 1545 2035 says
1569 1994 1605 2024 ‘I
1630 2005 1704 2035 sup-

104 2048 163 2078 See
191 2047 300 2077 Divin.
324 2056 351 2076 c.
373 2047 403 2082 2,
429 2045 494 2075 and
519 2044 690 2080 Heindorf,
718 2043 835 2073 Horat.
861 2043 878 2072 l
924 2041 1020 2080 pose‚'
1036 2041 1097 2070 bnt
1113 2040 1153 2070 he
1169 2040 1244 2069 does
1265 2042 1321 2069 not
1338 2049 1430 2068 mean
1448 2041 1483 2068 to
1499 2038 1601 2068 admit
1627 2039 1702 2069 that

104 2091 173 2121 Sat.
189 2091 231 2120 iv.
250 2091 301 2120 ll.
924 2084 981 2114 the
999 2088 1006 2100 ‘
1020 2094 1164 2113 censores
1177 2083 1185 2095 ’
1203 2093 1256 2112 are
1273 2092 1313 2112 an
1340 2082 1459 2117 ‘ordo,’
1484 2091 1520 2111 or
1545 2092 1563 2111 a
1590 2085 1597 2097 ‘
1611 2082 1704 2111 colle-

147 2131 390 2172 Atlcenionem,]
440 2131 499 2162 Sec
515 2141 542 2161 c.
560 2131 612 2167 10,
629 2129 694 2160 and
710 2128 882 2164 Diodorus,
927 2127 1041 2165 giunn'
1079 2137 1115 2155 or
1147 2130 1153 2142 ‘
1165 2136 1268 2165 genus
1298 2125 1465 2154 hominum
1485 2125 1502 2153 :¹
1542 2124 1606 2154 and
1639 2124 1704 2154 this

105 2176 259 2216 Excerpt.
276 2176 382 2206 xxxvi.

148 2220 200 2250 55.
225 2219 355 2249 denarii
371 2216 521 2257 trecenti]
570 2216 739 2246 ‘Trecenti
754 2215 762 2227 '
778 2214 883 2253 ought

104 2264 140 2293 to
155 2263 195 2293 be
213 2266 221 2279 ‘
234 2262 379 2293 treceni.²
412 2261 480 2291 But
496 2270 538 2289 no
554 2259 713 2289 variation
731 2259 756 2288 is
772 2258 881 2287 noted.

105 2305 263 2345 Compare
280 2306 354 2335 Act.
375 2305 396 2334 i.
414 2314 441 2334 c.
459 2304 510 2339 56,
528 2302 723 2332 “colunnias
739 2300 882 2339 singulas

107 2371 114 2379 .
133 2372 140 2378 .
157 2348 374 2388 quadragenis
384 2347 527 2377 millibus
537 2345 569 2381 ;''
586 2345 650 2375 and
665 2344 773 2373 Divin.
791 2354 817 2372 c.
830 2344 881 2377 10,

106 2392 170 2421 “in
187 2391 308 2421 inodios
323 2390 466 2429 singulos
489 2388 652 2418 duodenos
675 2386 840 2416 sestertios
850 2386 882 2421 ;”

105 2434 170 2464 and
188 2434 259 2463 Lib.
273 2435 302 2463 4.
315 2444 341 2463 e.
356 2432 548 2463 :zfiffAftfer
563 2435 569 2447 ‘
582 2429 860 2470 impudentisshm·
872 2429 880 2441 ¹

107 2477 206 2507 Klotz
222 2477 280 2506 has
302 2478 465 2506 ‘statuam
489 2473 623 2509 datain,'
647 2473 730 2502 froin
758 2472 815 2510 lag.
840 2474 881 2502 42

106 2519 382 2560 p.1n.——Creuzer
406 2517 469 2547 and
494 2517 601 2546 Moser
636 2515 740 2545 follow
774 2515 882 2551 Klotz,

106 2563 179 2592 who
195 2562 304 2592 writes
321 2561 374 2590 ‘in
389 2560 525 2599 singulis
541 2558 746 2593 cens‹n·il)us‚’
763 2558 883 2587 follow-

107 2606 164 2645 ing
183 2605 242 2644 Lg.
260 2606 312 2640 42,
336 2603 400 2633 and
424 2603 504 2632 with
530 2607 537 2619 ‘
549 2601 702 2641 singulis’
727 2601 805 2641 they
823 2611 881 2630 un-

107 2647 263 2678 derstand
287 2650 295 2663 ‘
307 2645 517 2681 civitatibus,'
534 2645 598 2675 and
614 2644 708 2674 niako
726 2648 734 2660 ‘
745 2644 882 2674 censori-

106 2691 167 2721 bus
178 2691 186 2703 '
203 2690 260 2720 the
277 2690 396 2720 dative.
443 2688 459 2718 1
477 2690 595 2718 cannot
612 2688 725 2727 accept
741 2687 807 2717 this
830 2696 882 2717 ex-

106 2733 285 2774 planation.

151 2776 254 2806 saluis
271 2773 409 2815 leyibus]
458 2777 467 2792 ‘
479 2773 619 2805 without
639 2773 798 2813 violating
827 2773 885 2804 the

107 2819 190 2850 law?

157 2861 245 2893 Ordo
263 2861 369 2902 aliqui
394 2860 468 2902 affra]
514 2860 568 2892 No
590 2861 667 2892 note
690 2859 727 2891 of
746 2860 884 2890 interro-

928 2180 1041 2209 provcs
1068 2169 1143 2199 that
1171 2169 1228 2199 the
1253 2167 1392 2198 demand
1414 2168 1486 2207 just,
1516 2167 1704 2198 mentioned

928 2223 992 2242 was
1017 2211 1159 2252 iniposed
1186 2222 1226 2241 on
1251 2211 1308 2241 tlic
1331 2210 1453 2241 several
1477 2221 1614 2247 ('cllsol‘S,
1639 2211 1703 2240 and

927 2256 1002 2286 that
1020 2255 1073 2284 ‘in
1086 2255 1095 2268 ’
1112 2254 1215 2293 ought
1234 2257 1268 2284 to
1285 2254 1323 2283 be
1340 2253 1490 2283 omitted.

972 2299 1057 2328 Nam
1073 2298 1268 2337 aulpublice
1280 2296 1353 2337 Sc]
1392 2296 1506 2337 ‘Udi-v,
1520 2296 1545 2326 it
1560 2296 1585 2326 is
1599 2296 1705 2326 either

927 2341 1019 2371 citics
1035 2341 1068 2371 in
1085 2341 1171 2371 their
1187 2341 1333 2380 capacity
1345 2340 1382 2369 of
1393 2339 1705 2370 connnnniticsthat

927 2385 1036 2414 confer
1060 2384 1138 2414 such
1160 2383 1310 2418 honours,
1328 2393 1364 2412 or
1379 2393 1453 2412 men
1479 2383 1654 2422 according
1670 2386 1705 2413 to

927 2427 1014 2457 their
1025 2427 1147 2463 classes,
1159 2437 1193 2457 as
1206 2427 1408 2459 cultimtors,
1420 2436 1453 2455 as
1463 2426 1660 2460 nierchants,
1672 2436 1705 2455 as

929 2473 1066 2500 masters
1082 2470 1119 2500 ot'
1142 2470 1250 2509 ships!
1298 2469 1396 2499 Klotz
1413 2469 1505 2499 reads
1519 2473 1526 2485 ‘
1538 2473 1594 2499 aut
1613 2469 1636 2498 si
1651 2480 1705 2507 gc·

928 2513 1079 2549 neratiin,
1097 2513 1243 2543 homines
1266 2515 1304 2542 ut
1328 2512 1494 2547 ‚natm-os:
1520 2512 1575 2542 &a
1637 2512 1705 2542 The

928 2556 1024 2586 MSS.
1041 2556 1122 2586 have
1139 2560 1147 2573 ‘
1160 2558 1218 2586 aut
1234 2556 1282 2591 si,'
1299 2558 1414 2594 except
1434 2554 1491 2594 lag.
1509 2555 1538 2585 G.
1580 2554 1706 2584 Klotz's

927 2599 1133 2639 explanation
1157 2599 1194 2628 of
1212 2599 1262 2628 his
1285 2598 1421 2637 reading
1437 2598 1462 2627 is
1485 2598 1647 2627 sufficient
1671 2600 1706 2627 to

928 2643 1085 2673 condemn
1102 2642 1138 2672 it.
1186 2643 1244 2672 See
1268 2641 1324 2671 the
1348 2651 1403 2670 use
1427 2641 1463 2670 of
1483 2641 1683 2679 ‘generatim
1699 2640 1706 2651 ‘

928 2686 961 2715 in
987 2685 1227 2720 C1wsn1·,l³.(}.
1254 2684 1274 2713 i.
1301 2683 1631 2714 5l.—<‘inwicularii.'
1679 2684 1706 2712 A

929 2728 1165 2759 ‘navicularius
1177 2728 1184 2739 ’
1202 2727 1227 2757 is
1244 2727 1300 2757 the
1316 2737 1449 2756 sameas
1465 2737 1483 2756 a
1497 2726 1706 2757 ‘nauclerus’

929 2774 1051 2802 master
1067 2772 1104 2801 of
1115 2781 1133 2801 a
1149 2770 1220 2810 ship
1239 2769 1330 2809 (Cod.
1347 2769 1435 2800 Just.
1450 2769 1491 2799 xi.
1508 2769 1562 2800 tit..
1582 2770 1625 2809 1).
1643 2769 1707 2798 and

931 2814 1128 2846 Forcellini‘s
1146 2813 1296 2844 Lexieon.
