1849 3167
76 137 161 179 278
664 135 733 178 IN
764 134 809 177 C.
842 133 1099 178 VERREM

135 249 281 306 Atque
309 265 388 306 ego
419 250 499 292 hoc
530 265 617 291 non
646 265 794 292 vereor
826 265 880 290 ne
911 248 1015 304 quid
1043 248 1198 288 horum
1227 262 1314 289 non
1342 249 1466 291 modo
1496 248 1681 304 impulsu

77 332 228 358 verum
262 316 435 357 omnino
475 316 663 356 adventu
698 330 790 356 meo
823 315 985 355 factum
1017 328 1105 354 esse
1137 313 1344 354 videatur.
1407 314 1561 356 Omnia
1600 315 1681 356 ista

79 387 179 423 ante
200 381 312 422 facta
342 386 441 422 sunt
471 396 558 421 non
587 381 710 421 modo
742 395 870 434 quain
900 394 979 433 ego
1010 378 1199 419 Siciliam
1220 394 1368 420 verum
1398 380 1526 421 etiam
1554 395 1682 435 quam

80 447 160 488 iste
192 447 367 488 Italiam
403 446 562 501 attigit.
624 445 740 485 Dum
774 459 852 498 ego
884 444 930 484 in
964 443 1109 485 Sicilia
1142 459 1248 492 sum,
1281 444 1400 485 nulla
1431 451 1570 486 statua
1610 446 1680 486 de-

75 513 190 569 jecta
211 517 284 554 est.
346 512 627 566 Posteaquam
658 510 777 550 illinc
808 509 990 559 discessi,
1014 524 1122 564 quae
1152 513 1251 550 sunt
1281 515 1399 564 gesta
1429 510 1680 566 cognoscite.

82 577 272 619 LXVII.
307 577 682 631 Centuripinorum
723 579 893 615 senatus
934 574 1121 615 decrevit
1161 574 1423 629 populusque
1453 576 1581 631 jussit
1620 580 1681 624 ut,

83 658 191 698 quae
212 647 375 684 statuae
397 641 442 682 C.
466 640 613 682 Verris
634 639 767 694 ipsius
788 648 830 680 et
850 640 984 694 patris
1006 640 1096 695 ejus
1121 645 1163 680 et
1183 639 1262 680 filii
1284 646 1434 689 essent,
1457 656 1525 682 eas
1556 656 1682 695 quae·
1732 678 1735 682 .

83 713 215 750 stores
236 706 521 748 demoliendas
548 705 750 753 locarent,
784 705 969 760 dumque
999 721 1048 746 ea
1079 704 1295 746 demolitio
1324 705 1444 746 fieret
1473 711 1685 747 senatores

83 789 137 815 ne
159 773 300 814 minus
320 786 411 812 XXX
431 772 636 812 adessent.
697 770 853 812 Videte
871 771 1127 825 gravitatem
1147 770 1333 811 civitatis
1354 785 1401 812 ac
1414 771 1683 826 dignitatem.

83 838 234 893 Neque
264 853 332 878 eas
361 837 407 877 in
437 837 540 877 urbe
571 851 645 877 sua
675 840 835 877 statuas
866 851 952 877 esse
983 835 1209 877 voluerunt
1230 851 1334 891 quas
1355 835 1483 877 inviti
1502 851 1578 891 per
1597 837 1687 877 vim

85 910 210 959 atque
240 902 467 957 imperium
498 901 736 948 dedissent:
768 916 906 956 neque
937 901 1026 957 ejus
1056 901 1242 942 hominis
1271 901 1318 942 in
1342 916 1470 956 quem
1489 901 1570 956 ipsi
1590 916 1688 942 cum

86 969 335 1025 gravissimo
357 967 599 1009 testimonio
619 966 800 1022 publice,
825 968 938 1022 quod
958 982 1179 1022 nunquam
1199 972 1336 1019 antea,
1358 966 1541 1007 Romam
1567 981 1684 1007 man-

86 1035 186 1075 data
215 1033 461 1088 legatosque
491 1033 730 1074 misissent:
763 1037 806 1073 et
826 1032 872 1073 id
893 1033 1066 1088 gravius
1101 1048 1188 1074 esse
1219 1037 1437 1088 putarunt,
1460 1032 1497 1073 si
1520 1031 1689 1086 publico

85 1098 260 1140 consilio
281 1114 409 1153 quam
430 1098 465 1140 si
485 1113 560 1152 per
581 1099 670 1140 vim
691 1097 980 1139 multitudinis
1001 1097 1162 1139 factum
1183 1113 1271 1139 esse
1284 1097 1513 1140 videretur.
1548 1097 1691 1143 Quum

85 1165 165 1207 1100
178 1164 352 1205 001151110
368 1169 529 1206 statuas
543 1163 814 1218 Centuripini
834 1163 1004 1218 publice
1025 1163 1307 1213 sustulissent,
1323 1162 1442 1204 audit
1463 1162 1664 1204 Metellus
1680 1177 1688 1202 ε

89 1230 279 1285 graviter
300 1229 408 1270 fert:
441 1234 588 1271 evocat
610 1229 664 1269 ad
684 1244 727 1270 se
750 1228 1129 1283 Centuripinorum
1152 1229 1429 1284 magistratus
1454 1234 1497 1270 et
1527 1228 1690 1269 decem-

85 1295 267 1350 primos:
308 1294 392 1335 nisi
421 1294 704 1335 restituissent
734 1299 906 1344 statuas,
938 1295 1212 1335 vehementer
1241 1295 1443 1335 minatur.
1522 1293 1598 1335 Illi
1638 1292 1693 1334 ad

89 1367 282 1401 senatum
312 1359 585 1400 renuntiant:
638 1364 800 1400 statuae
831 1375 938 1414 quae
968 1359 1090 1400 istius
1126 1375 1275 1400 causae
1304 1359 1416 1399 nihil
1446 1359 1693 1413 prodessent

87 1429 376 1480 reponuntur:
409 1425 577 1466 decreta
609 1424 986 1479 Centuripinorum
1016 1440 1123 1479 quae
1153 1425 1206 1465 de
1236 1424 1389 1465 statuis
1419 1428 1541 1465 erant
1581 1423 1693 1464 facta

87 1505 174 1531 non
204 1489 427 1530 tolluntur.
488 1489 574 1530 Hic
605 1505 684 1544 ego
715 1489 832 1530 aliud
859 1489 933 1530 alii
963 1490 1168 1530 concedo:
1201 1489 1377 1530 Metello
1398 1488 1563 1530 homini
1584 1488 1693 1543 sapi-

89 1557 179 1597 enti
199 1570 369 1610 prorsus
390 1570 476 1596 non
497 1570 667 1610 possum
687 1555 906 1610 ignoscere
940 1554 975 1596 si
1008 1555 1112 1609 quid
1144 1554 1273 1595 stulte
1298 1554 1413 1595 facit.
1477 1553 1591 1600 Quid
1620 1553 1694 1595 ille

89 1621 168 1662 hoc
190 1621 369 1675 putabat
390 1620 518 1661 Verri
538 1621 814 1662 criminosum
834 1620 936 1669 fore,
960 1620 995 1661 si
1016 1620 1106 1676 ejus
1127 1624 1291 1660 statuae
1322 1624 1461 1661 essent
1492 1619 1693 1674 dejectae,

90 1686 203 1741 quod
232 1701 355 1740 saepe
389 1690 514 1727 vento
545 1691 618 1727 aut
649 1686 790 1740 aliquo
822 1701 920 1727 casu
949 1685 1043 1726 fieri
1073 1684 1211 1726 solet?
1289 1684 1389 1726 Non
1419 1688 1510 1725 erat
1539 1683 1586 1724 in
1614 1684 1695 1725 1100

88 1766 226 1806 neque
256 1750 418 1791 crimen
448 1750 585 1791 ullum
614 1766 752 1806 neque
786 1750 1069 1805 reprehensio.
1144 1750 1215 1791 Ex
1245 1765 1327 1805 quo
1357 1749 1493 1805 igitur
1534 1748 1696 1790 crimen

90 1821 217 1872 atque
238 1815 447 1858 accusatio
467 1816 690 1858 nascitur?
749 1816 820 1857 Ex
838 1816 1062 1858 hominum
1077 1815 1240 1872 judicio
1262 1820 1304 1857 et
1323 1815 1557 1857 voluntate.

135 1983 218 2013 quae
232 1975 308 2003 sunt
320 1975 415 2013 qesta
432 1971 639 2013 cognoscite]
666 1972 766 2003 ‘hear
781 1973 871 2003 what

91 2017 282 2056 happened.'
343 2017 378 2046 1f
404 2017 461 2047 the
492 2016 628 2056 reading
652 2026 736 2046 were
767 2020 776 2033 ‘
789 2027 871 2056 quae

91 2062 184 2100 gesta
207 2060 273 2090 sint
289 2059 496 2100 cognoscite,'
512 2070 559 2089 we
576 2059 670 2089 could
685 2059 802 2100 hardly
818 2070 870 2089 ex-

91 2113 180 2142 press
190 2103 247 2133 the
257 2103 410 2143 meaning
420 2103 604 2143 differently
612 2103 694 2133 from
701 2103 758 2132 the
765 2106 871 2132 trans-

91 2145 194 2175 lation
206 2146 312 2175 which
330 2146 345 2175 I
362 2146 444 2176 have
459 2146 567 2186 given.
613 2146 682 2175 But
697 2146 754 2176 the
771 2145 870 2176 Latin

92 2188 254 2228 language
270 2188 328 2218 has
350 2191 417 2219 two
431 2189 531 2218 forms
547 2188 584 2218 of
602 2188 794 2228 expression,
812 2199 871 2219 one

92 2231 130 2261 of
148 2231 265 2266 which,
282 2231 339 2261 the
354 2231 540 2267 indicative,
558 2232 677 2261 affirms
701 2232 871 2272 distinctly

92 2274 167 2304 that
180 2274 365 2313 something
377 2285 441 2304 was
453 2275 534 2304 done
547 2275 653 2304 which
669 2275 726 2304 the
738 2274 872 2314 speaker

93 2317 120 2347 is
143 2317 243 2357 going
266 2319 301 2347 to
324 2317 469 2347 mention
480 2330 489 2353 3
514 2317 570 2347 the
593 2317 698 2353 other,
718 2318 775 2348 the
798 2318 871 2347 sub-

89 2360 238 2400 junctive
249 2360 353 2395 mood,
371 2360 544 2400 indirectly
562 2363 663 2390 states
679 2361 755 2390 that
771 2371 872 2390 some-

94 2404 191 2443 thing
202 2414 266 2433 was
281 2403 374 2438 done,
386 2403 448 2433 but
463 2403 532 2443 lays
548 2403 604 2433 the
618 2404 707 2433 chief
714 2403 873 2443 emphasis

93 2457 135 2476 on
151 2447 208 2476 the
224 2446 319 2476 other
334 2446 422 2476 verb.
469 2446 555 2476 Both
572 2447 671 2476 forms
686 2457 761 2486 may
777 2456 874 2476 occur

93 2490 127 2519 in
143 2500 202 2519 one
218 2492 379 2525 sentence,
396 2489 461 2519 and
482 2489 575 2519 there
591 2489 617 2519 is
640 2499 682 2519 no
702 2499 814 2519 reason
837 2491 873 2519 to

94 2533 197 2562 doubt
212 2533 270 2562 the
286 2532 500 2572 genuineness
515 2532 552 2562 of
570 2532 649 2562 such
665 2532 873 2572 expressions.

96 2575 225 2605 Servius
240 2586 323 2616 says,
340 2576 373 2605 in
389 2586 407 2605 a.
422 2575 522 2605 letter
537 2577 572 2605 to
589 2574 700 2605 Cicero
718 2574 782 2615 (Ad
798 2574 873 2604 Div.

95 2618 137 2648 iv.
165 2618 209 2658 5),
239 2622 259 2635 “
270 2619 309 2649 de
335 2619 373 2648 iis
403 2618 499 2648 rebus
526 2628 607 2657 quae
634 2617 686 2647 hic
713 2620 875 2657 geruntur

96 2661 431 2700 quemadmodumque
447 2671 479 2691 se
490 2660 655 2701 provincia
671 2661 791 2690 habeat
808 2671 874 2690 cer-

95 2704 212 2733 tiorem
243 2704 393 2734 faciam.”
454 2704 565 2744 Comp.
597 2704 669 2733 Lib.
701 2705 731 2733 2.
763 2714 789 2733 c.
820 2703 873 2739 72,

97 2748 258 2776 “tantum
282 2747 361 2777 mihi
385 2747 462 2777 licet
487 2747 594 2777 dicere
621 2749 781 2786 quantum
804 2757 874 2786 pos-

95 2799 177 2824 sum,
215 2792 346 2819 tantum
379 2790 483 2829 judici
521 2790 676 2830 suspicari
714 2792 874 2830 quantum

96 2832 208 2863 velit.”
255 2832 322 2863 The
337 2833 447 2864 better
463 2833 658 2864 translation
674 2833 711 2864 of
729 2833 787 2864 the
802 2835 875 2864 text

914 1972 1023 2003 would
1037 1972 1077 2003 be
1093 1971 1278 2012 something
1293 1971 1358 2002 like
1374 1971 1451 2008 this,
1472 1971 1587 2002 ‘After
1604 1971 1620 2001 Ι
1636 1971 1698 2002 lest

915 2016 973 2046 the
989 2016 1104 2052 island,
1121 2015 1210 2046 what
1226 2015 1396 2055 happened
1415 2017 1505 2052 next,
1525 2015 1540 2045 I
1556 2015 1623 2045 will
1637 2015 1697 2046 tell

916 2059 1001 2092 vou.³

915 2092 923 2100 ι
959 2102 1012 2134 67.
1024 2102 1231 2142 populusque
1238 2101 1361 2143 jussit]
1394 2101 1462 2131 The
1474 2103 1559 2131 term
1570 2101 1698 2141 applied

916 2147 951 2175 to
967 2145 1024 2175 the
1040 2145 1156 2175 formal
1171 2145 1287 2185 voting
1302 2145 1339 2175 of
1358 2145 1415 2175 the
1432 2144 1559 2174 Roman
1573 2144 1696 2184 people.

918 2188 975 2219 See
1007 2188 1140 2223 Gellius,
1165 2198 1195 2217 v.
1228 2189 1279 2218 19.
1336 2188 1475 2218 Senatus
1507 2191 1515 2203 ‘
1528 2187 1697 2223 deee1·nit,’

918 2235 926 2247 ‘
937 2231 1068 2267 censet,'
1086 2230 1262 2260 ‘mandaff
1308 2230 1449 2270 Populus
1467 2230 1598 2270 ‘jubet.'

960 2274 1192 2313 deeemprimos
1205 2273 1231 2313 :]
1279 2273 1347 2303 The
1362 2273 1434 2303 first
1451 2276 1507 2303 ten
1523 2273 1557 2302 in
1572 2272 1654 2302 rank
1665 2272 1703 2303 of

917 2317 974 2347 the
999 2317 1117 2347 Senate
1141 2327 1177 2346 or
1197 2316 1234 2346 of
1253 2316 1310 2346 the
1334 2316 1561 2352 ‘decuriones,’
1579 2326 1597 2346 a
1612 2316 1698 2356 body

917 2360 1024 2389 which
1040 2359 1074 2389 in
1090 2370 1109 2389 a
1124 2359 1301 2398 municipal
1316 2361 1405 2389 town
1418 2359 1652 2399 corresponded
1662 2361 1698 2389 to

917 2403 975 2432 the
1006 2403 1124 2432 Senate
1154 2402 1191 2432 of
1218 2402 1331 2432 Rome.
1377 2401 1489 2432 Cicero
1519 2412 1601 2443 says,
1634 2402 1700 2432 Pro

919 2445 991 2475 Sex.
1008 2445 1124 2475 Roscio
1140 2445 1213 2474 Am.
1231 2455 1257 2475 0.
1274 2446 1305 2480 9,
1330 2445 1470 2485 “itaque
1487 2445 1699 2475 decurionum

920 2489 1088 2518 decretum
1101 2488 1213 2518 statim
1224 2488 1263 2518 fit.
1275 2491 1313 2518 ut
1326 2488 1436 2519 decem
1448 2488 1545 2529 primi
1556 2488 1699 2528 proficis-

919 2533 1036 2561 cantur
1053 2531 1094 2560 ad
1110 2531 1148 2560 L.
1166 2531 1322 2561 Sullam.''

965 2574 1058 2603 aliud
1081 2574 1142 2603 alii
1162 2574 1297 2604 concedo
1310 2574 1336 2615 :]
1384 2574 1461 2604 This
1483 2584 1604 2610 meanS,
1628 2584 1700 2614 says

920 2616 1102 2653 Hotmann,
1121 2621 1129 2633 ⁶
1143 2617 1159 2647 1
1176 2628 1289 2647 excuse
1305 2618 1362 2648 the
1375 2617 1581 2657 Centuripini
1591 2617 1611 2653 3'
1636 2617 1701 2647 and

919 2660 985 2690 this
1008 2670 1082 2700 may
1107 2660 1146 2690 be
1169 2661 1320 2700 implied3
1351 2661 1412 2691 but
1438 2661 1465 2690 it
1490 2661 1516 2690 is
1539 2662 1598 2690 not
1621 2660 1700 2690 said.

920 2702 1032 2733 Cicero
1055 2714 1137 2743 says,
1163 2707 1171 2719 ‘
1185 2703 1201 2733 I
1218 2714 1277 2734 can
1300 2704 1395 2733 make
1419 2703 1570 2733 different
1593 2703 1700 2733 allow-

920 2756 1014 2776 ances
1030 2746 1080 2775 for
1096 2746 1248 2776 different
1263 2757 1404 2786 persons.
1451 2746 1614 2782 Metellus,
1627 2745 1701 2775 who

920 2789 946 2818 is
962 2800 980 2819 a
996 2799 1071 2819 man
1089 2790 1125 2819 of
1138 2789 1326 2830 judgment,
1344 2790 1360 2819 Ι
1377 2792 1496 2819 cannot
1517 2788 1702 2830 altogether

920 2843 1045 2869 excuse,
1064 2832 1093 2862 if
1104 2833 1144 2863 he
1161 2833 1236 2863 does
1252 2844 1270 2863 a
1285 2833 1400 2863 foolish
1415 2832 1534 2872 thing.5
