1849 3167
140 124 224 165 362
725 124 796 169 IN
827 125 872 168 O.
905 124 1161 168 VERREM

138 253 273 279 unum
305 242 490 280 aratores
521 254 631 281 unus
663 255 766 295 ager
797 240 919 282 istius
950 238 1109 295 injuria
1141 239 1363 290 desiderat,
1390 245 1517 297 atque
1544 243 1646 284 adeo
1676 258 1742 284 res

138 303 320 358 publica,
355 304 555 359 quoniam
594 305 669 346 illa
708 306 855 360 populi
894 304 1079 345 Romani
1111 305 1339 360 vectigalia
1379 311 1489 356 sunt,
1524 308 1638 349 1111110
1678 313 1741 349 tot

138 369 494 423 patrumfamilias
518 385 744 411 numerum
771 370 982 410 desiderat
1010 374 1051 410 et
1079 370 1271 424 reposcit.
1332 371 1452 426 Ager
1473 372 1741 414 Herbitensis

138 433 276 488 primo
307 449 418 475 anno
446 435 596 476 habuit
623 440 808 476 aratores
839 448 963 484 CCL11‚
986 434 1113 475 tertio
1135 449 1242 476 cxx:
1274 435 1374 477 hinc
1400 451 1550 478 CXXXII
1580 443 1738 492 patres-

138 499 322 541 familias
354 505 541 541 extorres
573 500 866 555 profugerunt.
928 500 1214 555 Agyrinensis
1250 516 1363 556 ager,
1397 517 1576 557 quorum
1605 504 1739 544 homi-

137 565 266 606 num!
300 581 429 620 quam
459 565 757 606 honestorum!
792 580 921 620 quam
950 565 1251 620 locupletium!
1285 580 1357 607 CCL
1378 572 1560 609 aratores
1590 568 1740 609 habuit

136 631 274 685 primo
311 646 421 672 anno
456 636 678 685 praeturae
713 636 824 672 tuae.
888 630 1004 676 Quid
1038 630 1164 672 tertio
1198 632 1342 672 anno?
1375 645 1506 682 LXXX,
1538 633 1739 688 quemad-
1770 669 1773 672 .

136 697 311 737 modum
331 696 492 751 legatos
513 694 806 750 Agyrinenses
827 696 1004 737 recitare
1026 711 1079 737 ex
1100 695 1236 737 literis
1256 696 1437 750 publicis
1459 698 1646 739 audistis.

194 763 296 803 LII.
340 762 423 802 Pro
459 761 520 801 dii
554 761 828 810 immortales,
862 761 897 803 si
933 777 986 802 ex
1020 761 1239 816 provincia
1274 766 1364 802 tota
1396 775 1508 803 CLXX
1538 763 1739 818 ejecisses,

135 841 330 882 possesne
362 826 518 867 severis
554 825 770 881 judicibus
803 826 943 868 salvus
976 827 1097 868 esse?
1157 826 1281 867 Unus
1321 842 1423 881 ager
1456 826 1742 882 Agyrinensis

137 906 249 933 CLXX
270 891 506 932 aratoribus
526 891 696 932 ina-nior
712 907 845 947 quum
865 892 932 942 sit,
947 907 1021 933 vos
1042 891 1328 948 conjecturam
1349 893 1478 934 totius
1498 893 1741 947 provinciae

136 973 276 998 nonne
317 957 514 998 facietis?
584 957 730 1012 Atque
764 958 844 999 hoc
883 973 1093 1013 peraeque
1132 958 1179 998 in
1219 958 1335 999 omni
1370 973 1472 1013 agro
1509 959 1740 1000 decumano

136 1022 378 1077 reperietis:
417 1022 570 1077 quibus
603 1022 766 1078 aliquid
799 1027 942 1065 tamen
977 1023 1132 1078 reliqui
1167 1023 1296 1064 fuerit
1332 1039 1384 1064 ex
1416 1039 1573 1079 magno
1607 1023 1740 1078 patri-

135 1088 290 1137 monio,
314 1103 381 1129 eos
402 1087 448 1128 in
469 1087 584 1142 agris
605 1088 768 1129 minore
784 1088 1081 1137 instrumento,
1099 1088 1240 1129 minus
1261 1088 1407 1130 multis
1424 1088 1555 1144 jugis,
1573 1103 1739 1129 reman-

136 1153 248 1202 sisse,
272 1153 385 1208 quod
415 1153 674 1203 metuebant,
698 1153 734 1194 si
764 1153 1063 1202 discessissent,
1086 1168 1140 1194 ne
1170 1153 1355 1209 reliquas
1380 1153 1572 1195 fortunas
1597 1169 1742 1195 omnes

136 1218 405 1268 amitterent3
437 1218 590 1273 quibus
621 1224 763 1260 autem
783 1218 863 1259 iste
884 1218 995 1259 nihil
1015 1218 1169 1274 reliqui
1191 1220 1304 1274 quod
1323 1220 1550 1274 perderent
1570 1219 1740 1269 fecerat,

136 1299 204 1325 eos
224 1284 350 1338 plane
371 1299 457 1324 non
482 1283 618 1324 solum
639 1299 692 1325 ex
722 1284 836 1339 agris
857 1299 1006 1326 verum
1028 1299 1081 1325 ex
1102 1285 1346 1326 civitatibus
1375 1284 1460 1326 suis
1490 1284 1739 1340 profugisse.

136 1349 212 1391 Illi
232 1349 313 1404 ipsi
334 1349 408 1404 qui
429 1353 732 1398 remanserant,
747 1350 823 1391 vix
842 1350 1020 1391 decuma
1039 1364 1137 1404 pars
1158 1354 1384 1399 aratorum,
1403 1349 1596 1391 relicturi
1617 1365 1742 1405 agros

136 1430 281 1456 omnes
302 1419 436 1464 erant,
454 1414 538 1456 nisi
559 1415 613 1456 ad
634 1430 702 1455 eos
723 1415 923 1456 Metellus
945 1415 1083 1456 Roma
1103 1415 1247 1456 literas
1267 1415 1462 1464 misisset,
1481 1430 1523 1456 se
1544 1415 1742 1456 decumas

135 1481 231 1536 lege
253 1480 483 1522 Hieronica
504 1480 791 1530 venditurum,
815 1486 857 1522 et
881 1481 966 1522 nisi
993 1482 1045 1523 ab
1066 1480 1118 1522 iis
1142 1481 1222 1522 hoc
1242 1480 1462 1535 petivisset
1482 1485 1531 1521 ut
1555 1488 1742 1521 sererent

137 1561 265 1601 quam
294 1545 553 1601 plurimun1;
588 1546 702 1600 quod
737 1545 803 1586 illi
831 1561 995 1601 semper
1029 1546 1095 1588 sui
1124 1561 1248 1587 causa
1277 1546 1478 1595 fecerant,
1511 1561 1643 1600 quum
1674 1561 1742 1587 eos

136 1627 261 1653 nemo
288 1616 471 1666 rogaret,
495 1611 699 1666 quamdiu
728 1611 1028 1667 intelligebant
1056 1626 1143 1652 sese
1174 1611 1255 1652 sibi
1278 1616 1320 1651 et
1349 1610 1505 1665 populo
1533 1610 1740 1661 Romano,

137 1692 223 1717 non
256 1677 383 1718 Verri
419 1681 460 1717 et
492 1676 685 1731 Apronio
725 1692 873 1726 serere,
915 1676 1173 1732 impendere,
1214 1676 1418 1717 laborare.
1494 1675 1594 1716 Jam
1627 1690 1740 1725 vero,

132 1742 309 1798 judices,
348 1742 383 1783 si
415 1741 655 1783 Siculorum
689 1741 881 1783 fortunas
912 1741 1148 1797 negligitis,
1183 1740 1219 1782 si
1251 1741 1607 1796 quemadmodum
1642 1741 1744 1782 socii

137 1808 285 1862 populi
305 1807 491 1849 Romani
512 1823 536 1848 a
557 1807 879 1862 magistratibus
899 1807 1055 1848 nostris
1075 1812 1314 1848 tractentur
1343 1821 1431 1847 non
1460 1805 1675 1856 laboratis,
1699 1812 1744 1848 at

137 1889 211 1914 vos
242 1888 510 1914 communem
539 1872 686 1927 populi
716 1871 901 1913 Romani
931 1887 1101 1913 causam
1131 1871 1330 1926 suscipite
1361 1876 1488 1926 atque
1513 1870 1740 1912 defendite.

138 1938 309 1994 Ejectos
330 1943 514 1979 aratores
535 1953 623 1979 esse
644 1937 750 1987 dico,
769 1953 893 1993 agros
914 1937 1145 1992 vectigales
1161 1942 1335 1978 vexatos
1357 1940 1483 1991 atque
1504 1935 1744 1977 exinanitos

139 2019 163 2045 a
196 2004 342 2053 Verre,
376 2003 623 2058 populatam
658 2008 951 2058 vastatamque
978 2002 1267 2057 provinciam;
1304 2002 1408 2042 haec
1440 2001 1582 2043 omnia
1617 2002 1743 2042 doceo

138 2069 274 2111 literis
305 2068 541 2117 civitatum,
574 2069 747 2109 ostendo
779 2067 1034 2109 testimoniis
1066 2072 1109 2109 et
1139 2066 1319 2122 publicis
1351 2066 1742 2107 honestissimarum

140 2134 363 2175 civitatum
384 2139 425 2175 et
449 2133 628 2189 privatis
657 2133 958 2188 primariorum
978 2133 1179 2174 virorum.
1243 2131 1357 2177 Quid
1377 2132 1507 2173 vultis
1528 2131 1744 2186 amplius?

140 2199 269 2240 LIII.
301 2199 419 2240 Num
449 2199 702 2254 exspectatis
733 2200 836 2239 dum
865 2199 914 2239 L.
938 2198 1152 2247 Metellus,
1182 2197 1217 2238 is
1248 2197 1322 2252 qui
1351 2197 1507 2238 multos
1537 2196 1583 2237 in
1613 2196 1743 2237 istum

140 2269 268 2305 testes
289 2264 466 2318 imperio
487 2270 529 2305 et
556 2269 763 2319 potestate
784 2264 1003 2312 deterruit,
1026 2264 1140 2304 idem
1170 2263 1319 2303 absens
1347 2263 1398 2302 de
1425 2261 1547 2302 istius
1575 2262 1741 2311 scelere,

140 2330 425 2385 improbitate,
467 2330 643 2370 audacia
682 2329 975 2370 testimonium
1013 2328 1164 2369 dicat?
1242 2326 1285 2368 N
1288 2341 1342 2367 on
1381 2325 1665 2381 Opinon—At
1708 2326 1744 2367 is

141 2396 299 2450 optime
324 2394 399 2450 qui
425 2395 622 2435 successit
652 2394 725 2435 isti
753 2393 893 2449 potuit
917 2391 1311 2447 cognoscere—Ita
1340 2396 1425 2432 est:
1457 2407 1607 2432 verum
1637 2391 1742 2433 ami-

142 2460 242 2501 citia
262 2459 627 2515 impedium—At
647 2459 773 2500 debet
792 2474 866 2500 vos
887 2458 1083 2499 certiores
1103 2457 1240 2498 facere
1262 2471 1344 2512 quo
1368 2461 1491 2511 pacto
1518 2472 1561 2498 se
1588 2457 1743 2498 habeat

141 2525 594 2581 provincia-Debet:
626 2528 920 2566 verumtamen
949 2538 1035 2564 non
1066 2522 1244 2578 cogitur.
1304 2522 1424 2564 Num
1450 2521 1544 2577 quis
1568 2522 1614 2562 in
1634 2522 1741 2563 Ver-

187 2649 239 2679 52.
273 2658 377 2679 nonne
396 2647 537 2687 facietis
552 2646 580 2688 ἲ]
643 2649 652 2663 ‘
664 2645 740 2676 Non
770 2645 919 2681 111010115,1
965 2645 1017 2676 He
1033 2645 1133 2675 refers
1149 2648 1184 2676 to
1200 2645 1272 2676 Lib.
1286 2647 1315 2675 2.
1329 2655 1356 2675 0.
1370 2646 1421 2681 59,
1435 2644 1499 2675 and
1512 2644 1584 2674 Lib.
1598 2643 1628 2674 5.
1645 2654 1672 2674 0.
1689 2645 1742 2674 32.

143 2692 254 2722 Orelli.
301 2692 369 2721 But
385 2691 451 2721 this
471 2691 497 2720 is
518 2692 575 2720 not
598 2689 655 2720 the
670 2689 754 2719 form
771 2689 807 2719 of
818 2689 919 2719 inter·
964 2692 1018 2710 —‘
1028 2689 1053 2718 si
1070 2688 1310 2725 discessissent‚'
1326 2689 1409 2718 from
1427 2687 1487 2727 Lg.
1505 2689 1547 2717 42
1563 2687 1649 2727 only.
1675 2687 1742 2717 The

143 2735 293 2773 rogation
310 2735 343 2763 in
359 2734 426 2764 this
441 2736 516 2774 part
532 2734 568 2763 of
580 2744 597 2763 a
614 2734 774 2763 sentence.
799 2732 919 2771 Zumpt
964 2742 1111 2762 connnon
1127 2732 1263 2770 reading
1278 2732 1304 2761 is
1321 2736 1330 2748 ‘
1340 2730 1565 2761 recessissent?

144 2788 234 2817 says:
267 2777 405 2816 “Vulgo
428 2788 492 2807 non
505 2776 654 2817 faeietis,
679 2785 760 2815 quae
783 2775 920 2805 interro·
1008 2775 1059 2805 sui
1075 2775 1192 2816 eausa]
1219 2775 1323 2805 There
1338 2775 1364 2804 is
1380 2774 1437 2805 the
1449 2774 1558 2803 better
1574 2772 1743 2814 authority

145 2820 243 2859 gandi
259 2820 364 2849 forma
380 2820 412 2849 in
429 2820 653 2859 indignatione
673 2818 778 2848 locum
799 2818 899 2848 habet
914 2830 920 2847 :
966 2818 1016 2848 for
1032 2818 1108 2849 this.
1154 2818 1254 2849 Orelli
1271 2818 1328 2849 has
1345 2821 1354 2834 ‘
1365 2828 1421 2848 sua
1438 2816 1555 2848 causa.'

145 2863 177 2893 in
202 2863 331 2903 apodosi
354 2873 431 2893 num
455 2863 575 2894 habeat
595 2862 708 2903 ignoro
725 2863 758 2893 ct
774 2860 921 2893 dubito.''
