1849 3167
141 118 224 159 492
725 118 795 162 IN
826 119 872 161 O.
904 118 1162 161 VERREM

139 236 360 282 commota,
376 235 571 273 senatum
591 231 772 274 clamore
793 233 935 288 co'cgit
954 238 1003 274 ut
1023 233 1096 275 isti
1116 233 1391 277 simulacrum
1410 236 1518 279 illud
1538 238 1743 281 Mercurii

138 297 421 351 polliceretur.
495 298 748 339 Clamabant
779 298 868 339 fore
903 303 952 339 ut
992 299 1075 353 ipsi
1107 315 1150 341 se
1183 301 1244 341 dii
1275 301 1536 345 immortales
1566 304 1740 357 ulcisce-·

137 367 311 404 rentur:
344 363 561 404 hominem
590 363 753 404 interea
782 363 921 417 perire
951 364 1221 406 innocentem
1250 381 1338 407 non
1368 373 1570 422 oportere.
1632 357 1742 411 Tuin

137 427 338 483 frequens
365 434 534 470 senatus
562 429 616 470 ad
642 429 772 469 istum
792 429 936 470 venit:
968 429 1194 484 pollicetur
1221 431 1406 487 signum.
1466 433 1538 475 Ita
1564 434 1741 490 Sopater

137 493 190 534 de
230 498 371 534 statua
411 493 456 534 G.
491 493 698 542 Marcelli,
733 508 867 548 quum
902 494 995 550 jam
1033 510 1168 550 paene
1202 496 1469 557 obriguisset,
1502 499 1579 541 vix
1617 501 1740 542 vivus

136 557 381 600 auferturf‘«

192 623 314 665 XLI,
346 624 446 666 Non
466 638 635 678 possum
662 622 864 678 disposite
884 624 1016 667 istum
1036 641 1244 676 accusare,
1267 626 1303 668 si
1324 627 1516 682 cupiam:
1551 645 1655 685 opus
1676 635 1740 686 est

133 703 220 730 non
242 689 377 730 solum
398 688 572 742 ingenio
592 703 742 729 verum
763 689 893 731 etiam
913 691 1093 732 artificio
1114 692 1298 747 quodam
1318 692 1537 748 singulari.
1560 695 1739 736 xUnum

133 753 214 795 hoc
244 754 405 795 crimen
434 753 605 795 videtur
635 769 735 803 esse,
768 760 811 795 et
845 770 870 796 a
905 771 972 797 me
1002 771 1078 811 pro
1108 773 1193 799 uno
1223 758 1409 813 ponitur,
1442 759 1493 800 de
1523 759 1738 802 Mercurio

133 819 424 875 Tyndaritano
441 835 449 861 :
481 819 607 874 plura
641 825 752 870 sunt,
780 822 853 862 sed
873 837 922 863 ea
943 837 1026 877 quo
1046 828 1170 878 pacto
1191 824 1455 880 distinguere
1475 841 1523 867 ac
1543 841 1737 881 separare

131 885 289 940 possim
318 885 470 926 nescio.
532 885 611 927 Est
641 886 920 940 pecuniarum
949 893 1183 942 captarum,
1213 890 1326 944 quod.
1357 890 1530 945 signum
1559 907 1584 932 a
1614 891 1736 933 sociis

130 951 335 1005 pecuniae
364 966 546 1006 magnae
577 951 761 993 sustulit.
823 952 904 994 Est
932 953 1165 1007 peculatus,
1197 955 1311 1010 quod
1339 955 1558 1010 publicum
1587 956 1737 1011 populi

129 1015 315 1057 Romani
344 1016 529 1072 signum,
553 1017 604 1058 de
634 1018 792 1072 praeda
822 1018 1011 1059 hostium
1041 1025 1225 1074 captum,
1251 1020 1439 1075 positum
1467 1021 1735 1076 imperatoris

128 1081 265 1122 nostri
283 1082 467 1132 nomine,
482 1097 569 1124 non
590 1082 804 1124 dubitavit
824 1083 1002 1125 auferre.
1064 1084 1143 1126 Est
1163 1085 1408 1142 majestatis,
1432 1087 1546 1142 quod
1566 1087 1736 1142 imperii

128 1147 264 1188 nostri
295 1147 456 1202 gloriae
480 1164 706 1204 rerumque
735 1154 954 1203 gestarum
983 1157 1260 1193 monumenta
1290 1159 1480 1193 evertere
1510 1157 1638 1207 atque
1669 1168 1732 1194 as-

127 1218 297 1266 portare
327 1228 451 1254 ausus
482 1218 558 1254 est.
619 1213 698 1255 Est
728 1214 908 1264 sceleris,
931 1215 1044 1270 quod
1064 1215 1292 1271 religiones
1313 1217 1521 1258 maximas
1541 1218 1731 1259 violavit.

127 1276 208 1317 Est
228 1277 503 1328 crudelitatis,
526 1279 640 1333 quod
659 1278 930 1320 innocentem
953 1279 1000 1320 in
1025 1280 1254 1331 hominem,
1277 1282 1324 1322 in
1353 1282 1514 1323 socium
1542 1288 1732 1324 vestrum

127 1346 255 1396 atque
288 1342 483 1393 amicum,
520 1358 681 1384 novum
716 1359 763 1384 ac
796 1344 1014 1399 singulare
1046 1345 1244 1400 supplicii
1279 1361 1414 1401 genus
1455 1347 1729 1403 excogitavit.

126 1405 245 1448 Illud
262 1423 362 1449 vero
384 1408 488 1463 quid
508 1408 563 1449 sit
585 1408 677 1464 jam
697 1424 784 1450 non
805 1424 912 1464 queo
933 1409 1085 1459 dicere,
1109 1425 1192 1465 quo
1211 1411 1384 1452 nomine
1405 1412 1615 1467 appellem
1634 1428 1728 1455 nes—

126 1472 203 1523 cio,
227 1474 340 1528 quod
359 1473 405 1514 in
428 1473 473 1514 O.
496 1473 691 1515 Marcelli
712 1479 864 1515 statua.
927 1474 1043 1521 Quid
1063 1481 1126 1517 est
1155 1476 1234 1518 hoc
1249 1477 1269 1518 Ρ
1328 1477 1596 1519 Patronusne
1616 1481 1730 1534 quod

125 1539 250 1579 erat?
312 1538 426 1584 Quid
445 1539 572 1580 tum?
603 1554 686 1594 quo
706 1539 752 1580 id
772 1545 935 1595 spectat
949 1541 969 1582 Ρ
1028 1540 1188 1582 Utrum
1212 1557 1260 1583 ea
1288 1557 1354 1584 res
1380 1543 1434 1584 ad
1455 1558 1574 1599 opem
1599 1559 1653 1585 an
1675 1546 1729 1586 ad

125 1603 411 1644 calamitatem
440 1603 662 1645 clientium
692 1610 819 1660 atque
849 1605 1067 1661 hospitum
1087 1606 1228 1648 valere
1258 1607 1472 1649 debebat?
1503 1623 1559 1649 an
1578 1614 1628 1650 ut
1647 1610 1728 1651 hoc

124 1669 377 1719 ostenderes,
395 1674 542 1710 contra
561 1669 651 1710 Vim
671 1675 791 1711 tuam
811 1670 857 1711 in
878 1671 1069 1726 patronis
1089 1672 1291 1727 praesidii
1312 1673 1424 1714 nihil
1444 1689 1532 1715 esse
1546 1675 1566 1716 Ρ
1623 1675 1728 1722 Quis

122 1748 211 1774 non
225 1734 305 1775 hoc
318 1734 581 1789 intelligeret
601 1734 648 1775 in
668 1735 853 1790 improbi
873 1737 1108 1791 praesentis
1128 1737 1307 1792 imperio
1320 1739 1402 1794 maj
1410 1754 1526 1780 orem
1539 1755 1626 1781 esse
1638 1741 1728 1782 vim

123 1814 253 1854 quam
272 1799 319 1840 in
338 1800 546 1841 bonorum
567 1800 806 1842 absentium
826 1801 1098 1856 patrocinio?
1157 1802 1230 1844 An
1250 1818 1350 1845 vero
1377 1819 1432 1845 ex
1457 1804 1536 1846 hoc
1557 1805 1632 1847 illa
1652 1811 1727 1848 tua

122 1864 352 1920 singularis
374 1865 641 1920 significatur
660 1865 901 1916 insolentia,
924 1867 1132 1923 superbia,
1151 1869 1416 1911 contumacia
1430 1870 1450 1911 Ρ
1489 1870 1726 1913 Detrahere

121 1930 321 1971 videlicet
351 1930 514 1986 aliquid
544 1936 586 1972 te
617 1931 669 1972 de
699 1931 984 1986 amplitudine
1005 1933 1306 1975 Marcellorum
1334 1934 1509 1989 putasti.
1570 1935 1724 1992 Itaque

120 2010 236 2038 nunc
257 1995 497 2037 Siculorum
512 1996 707 2038 Marcelli
728 2012 815 2038 non
836 2002 936 2039 sunt
955 1999 1151 2053 patroni:
1175 1998 1331 2041 Verres
1351 1999 1398 2040 in
1419 2015 1565 2041 eorum
1583 2001 1724 2043 locum

121 2061 375 2102 substitutus
396 2067 470 2103 est.
534 2062 674 2108 Quam
700 2062 745 2102 in
776 2067 818 2103 te
845 2067 1012 2105 tantam
1032 2064 1239 2105 virtutem
1259 2080 1347 2106 esse
1367 2070 1441 2106 aut
1466 2065 1723 2120 dignitatem

121 2127 351 2168 arbitratus
382 2142 425 2169 es
453 2132 502 2168 ut
533 2142 731 2168 conarere
752 2128 995 2170 clientelam
1024 2134 1114 2171 tam
1143 2130 1402 2185 splendidae,
1424 2136 1514 2171 tam
1542 2131 1722 2174 iHustris

119 2192 363 2247 provinciae
393 2193 613 2234 traducere
644 2193 698 2234 ad
727 2198 782 2243 te,
806 2194 971 2235 auferre
1002 2210 1026 2236 a
1056 2195 1300 2237 certissimis
1331 2195 1722 2252 antiquissimisque

118 2257 309 2311 patronis
324 2258 344 2299 ‚9
414 2258 479 2298 Tu
518 2258 600 2298 ista
641 2258 837 2308 stultitia,
870 2260 1076 2314 nequitia,
1110 2260 1266 2301 inertia
1304 2275 1392 2301 non
1431 2262 1555 2302 modo
1590 2263 1720 2304 totius

119 2321 288 2363 Siciliae
319 2323 392 2364 sed
420 2322 547 2364 unius
576 2322 816 2364 tenuissimi
836 2323 969 2365 Siculi
999 2324 1242 2366 clientelam
1270 2324 1382 2366 tueri
1410 2330 1529 2381 potes
1544 2327 1564 2367 P
1623 2326 1720 2369 Tibi

162 2427 214 2456 41.
238 2426 413 2467 disposite]
461 2427 529 2457 The
557 2427 662 2457 words
686 2427 804 2457 ‘ordo'
830 2427 896 2458 and
939 2427 1037 2463 men‚'
1053 2438 1089 2458 or
1105 2428 1162 2459 the
1178 2429 1299 2460 offence
1323 2430 1360 2460 of
1380 2430 1604 2471 Repetundae.
1649 2433 1718 2464 The

119 2469 327 2509 ‘dispositio’
352 2470 535 2500 sometimes
558 2480 647 2499 come
676 2470 830 2509 together
859 2471 893 2500 in
938 2474 1049 2501 orator
1071 2472 1222 2511 proceeds
1244 2475 1280 2503 to
1304 2474 1430 2513 explain
1453 2475 1526 2505 how
1548 2486 1647 2517 many
1671 2477 1717 2507 of-

118 2511 240 2543 Cicero.
280 2512 332 2543 He
346 2513 455 2553 partly
471 2513 613 2552 explains
622 2513 711 2543 what
727 2513 767 2543 he
782 2523 892 2543 means
936 2513 1043 2544 feuces
1059 2524 1113 2544 are
1129 2516 1385 2555 comprehcnded
1400 2518 1435 2547 in
1450 2518 1517 2548 this
1539 2529 1600 2549 one
1615 2522 1669 2550 act
1685 2520 1723 2550 of

117 2555 161 2595 by
186 2555 381 2595 ‘disposite'
415 2556 458 2596 by
481 2555 538 2585 the
573 2555 738 2595 following
767 2556 890 2594 words:
936 2556 1055 2597 taking
1070 2557 1127 2588 the
1144 2558 1308 2600 Mercury.
1355 2560 1535 2592 ‘Pecuniae
1558 2563 1715 2603 magnae'

119 2599 340 2638 ‘distinguere
370 2608 407 2628 ac
435 2598 604 2638 separare?
661 2598 713 2628 He
743 2608 825 2639 say&
857 2599 893 2629 ‘I
938 2609 1049 2629 means
1066 2600 1124 2630 ‘of
1134 2605 1228 2641 great
1244 2603 1361 2633 value?
1407 2604 1466 2634 See
1491 2604 1562 2634 Lib.
1583 2606 1612 2635 5.
1630 2616 1657 2636 c.
1673 2605 1694 2638 7
1704 2618 1714 2642 3

118 2644 237 2671 cannot
254 2641 424 2682 distinctly
440 2643 587 2681 separate
602 2641 652 2671 his
667 2641 792 2678 crimes,
809 2652 893 2672 were
938 2643 1002 2672 and
1018 2643 1083 2673 also
1100 2643 1164 2674 Pro
1181 2645 1252 2675 Sex.
1270 2645 1364 2676 Rosc.
1381 2656 1407 2676 c.
1425 2646 1477 2683 37,
1494 2647 1566 2678 Vol.
1583 2648 1615 2678 ii.

118 2684 135 2714 I
160 2694 234 2715 ever
265 2695 298 2715 so
321 2685 464 2715 dcsirous
494 2686 530 2715 to
560 2684 600 2714 do
623 2684 673 2714 it?
733 2684 796 2714 For
826 2685 892 2715 this
981 2686 1025 2715 ad
1041 2686 1148 2727 opem]
1183 2688 1362 2719 ‘XVhether
1377 2690 1482 2730 ought
1498 2690 1555 2721 the
1577 2690 1715 2721 circum-

116 2727 209 2757 affair
224 2728 260 2757 of
270 2728 439 2767 Tyndaris,
456 2727 561 2757 which
587 2737 687 2757 seems
710 2729 746 2757 to
771 2727 810 2757 be
834 2738 894 2758 one
939 2731 1050 2759 stance
1069 2730 1106 2759 of
1128 2730 1302 2761 Marcellus
1325 2732 1424 2772 being
1448 2733 1535 2763 their
1552 2733 1714 2764 Patronus

116 2770 248 2806 offence,
265 2771 422 2807 contains,
445 2781 517 2811 says
540 2770 662 2806 Cicero,
686 2770 807 2800 several
831 2770 892 2800 dis·
937 2773 973 2801 to
988 2772 1069 2803 have
1085 2774 1218 2804 secured
1233 2774 1290 2805 the
1306 2775 1500 2815 protection,
1516 2786 1553 2806 or
1575 2778 1610 2807 to
1630 2777 1712 2808 have

115 2813 203 2843 tinet
218 2814 354 2843 offences
369 2824 405 2844 or
420 2814 563 2854 grounds
578 2813 615 2844 of
625 2813 820 2844 accusation.
936 2814 1081 2856 brought
1097 2817 1290 2848 missortune
1306 2828 1348 2848 on
1362 2818 1413 2849 his
1429 2818 1544 2850 clients
1556 2818 1570 2850 Ρ
1582 2819 1592 2832 ’

155 2857 370 2896 pecuniarum
387 2856 590 2897 captarum]
637 2856 723 2886 That
745 2856 782 2892 is,
809 2856 890 2886 ‘cri-
