1849 3167
74 136 158 178 280
661 134 729 179 IN
761 135 807 178 O.
840 135 1096 178 VERREM

70 255 146 299 est,
179 252 388 304 quantum
418 249 561 291 odium
592 255 818 300 aratorum,
851 255 1058 305 quantum
1088 248 1278 290 omnium
1300 249 1535 291 Siculorum
1555 248 1610 290 sit
1631 252 1673 289 et

69 315 211 356 fuerit.
273 314 329 356 In
349 330 431 370 quo
452 331 559 371 quae
594 321 733 357 vestra
763 315 950 356 defensio
980 314 1124 355 futura
1154 313 1209 355 sit
1239 314 1480 370 conjectura
1509 313 1673 369 assequi

70 395 157 421 non
178 395 298 435 queo.
362 380 595 422 “Oderunt
622 380 779 430 Siculi3
812 384 1055 434 togatorum
1084 379 1199 420 enim
1229 394 1352 421 causa
1381 380 1516 420 multa
1547 378 1670 420 feci.''

70 444 133 486 At
163 445 210 486 hi
240 445 413 501 quidem
444 445 639 487 acerrimi
668 444 1035 498 inimicissimique
1066 449 1176 485 sunt.
1255 445 1498 486 “Inimicos
1538 444 1672 485 habco

72 510 186 552 cives
218 511 446 560 Romanos,
482 511 594 565 quod
626 510 832 550 sociorum
873 510 1091 550 commoda
1126 525 1174 551 ac
1209 509 1307 565 jura
1339 509 1551 551 defendi.''
1611 509 1674 549 At

72 575 175 616 socii
194 575 241 616 in
262 576 448 617 hostium
468 590 644 616 numero
665 589 753 615 sese
774 574 847 615 abs
867 578 910 614 te
930 574 1097 615 habitos
1124 579 1371 630 queruntur.
1434 579 1459 596 “
1472 574 1674 615 Aratorcs

72 640 238 682 inimici
259 646 358 682 sunt
378 645 550 695 propter
571 639 810 680 decumas.’'
856 638 970 685 Quid
983 639 1057 694 qui
1073 655 1195 695 agros
1208 639 1417 681 immunes
1436 639 1673 693 liberosque

73 710 209 755 arant,
232 721 306 747 cur
327 706 541 747 oderunt?
565 720 639 746 cur
659 704 856 746 Halesini
870 705 890 746 P
911 720 985 746 cur
1007 705 1311 760 Centuripini?
1333 721 1407 747 cur
1419 705 1639 761 Segestani
1654 706 1674 745 P

73 786 148 812 cur
178 770 489 826 Halicyenses?
550 769 673 816 Quod
704 785 838 825 genus
867 770 1102 820 hominum,
1135 786 1262 826 quem
1290 786 1527 820 numerum,
1549 785 1676 826 quem

73 836 264 877 ordinem
285 836 473 891 proferre
494 836 639 891 possis,
662 836 737 891 qui
756 841 798 877 te
819 851 906 877 non
927 836 1075 885 oderit,
1099 836 1186 878 sive
1208 836 1365 878 civium
1385 836 1676 878 Romanorum

73 901 161 942 sive
201 900 439 942 Siculorum
453 901 473 942 P
511 905 560 942 ut
591 900 758 942 etiamsi
798 916 967 943 causam
999 916 1074 943 cur
1105 906 1148 943 te
1188 901 1355 943 oderint
1393 917 1480 943 non
1519 901 1676 957 possim

73 966 225 1016 dicere,
247 970 392 1007 tamen
412 966 523 1007 illud
543 966 770 1008 dicendum
791 972 950 1022 putem,
974 982 1101 1022 quem
1121 982 1264 1009 omnes
1284 967 1482 1008 mortales
1498 967 1678 1014 oderint,

74 1047 171 1072 eum
202 1031 322 1073 vobis
358 1046 524 1088 quoque
564 1032 659 1073 odio
701 1048 789 1074 esse
830 1037 1036 1088 oportere.
1097 1032 1171 1074 An
1202 1033 1282 1074 hoc
1318 1033 1456 1074 dicere
1496 1031 1682 1079 audebis,

71 1101 217 1137 utrum
238 1097 290 1137 de
311 1101 353 1138 te
374 1098 573 1156 aratores,
596 1102 741 1140 utrum
763 1099 945 1154 denique
967 1098 1099 1139 Siculi
1119 1098 1308 1140 universi
1320 1099 1426 1141 bene
1439 1097 1684 1139 existiment

78 1161 173 1217 [aut
193 1177 276 1217 quo
296 1163 421 1203 modo
443 1162 728 1218 existiment],
752 1164 806 1205 ad
826 1179 917 1205 rem
937 1163 983 1205 id
995 1179 1081 1205 non
1095 1164 1341 1219 pertinere?
1377 1164 1528 1218 Neque
1541 1168 1590 1203 tu
1602 1162 1682 1203 hoc

74 1227 214 1268 dicere
250 1227 436 1277 audebis,
467 1243 545 1269 nec
586 1228 622 1269 si
652 1228 796 1284 cupias
825 1229 984 1271 licebit.
1065 1229 1269 1284 Eripiunt
1300 1228 1415 1270 enim
1444 1228 1525 1270 tibi
1554 1228 1682 1269 istam

75 1291 310 1333 orationem
330 1293 735 1335 contemnendorum
755 1294 995 1336 Siculorum
1015 1299 1142 1349 atque
1164 1299 1380 1336 aratorum
1400 1298 1562 1335 statuae
1582 1293 1682 1333 illae

76 1361 303 1411 equestreS‚
326 1372 430 1412 quas
451 1362 500 1398 tu
518 1358 645 1412 paulo
666 1363 765 1400 ante
787 1374 914 1414 quam
935 1360 989 1400 ad
1008 1360 1157 1400 urbem
1177 1359 1343 1401 venires
1363 1359 1466 1414 poni
1486 1357 1680 1399 inscribi-

76 1437 158 1476 que
175 1422 352 1477 jussisti,
375 1427 424 1463 ut
444 1423 634 1464 omnium
654 1423 925 1466 inimicorum
945 1429 1114 1466 tuorum
1136 1425 1297 1466 animos
1310 1430 1682 1479 accusatorumque

74 1487 277 1528 tardares.
353 1487 458 1534 Quis
491 1488 605 1529 enim
637 1489 718 1530 tibi
749 1489 951 1531 molestus
984 1495 1104 1540 esset,
1139 1495 1212 1532 aut
1252 1490 1347 1546 quis
1387 1490 1600 1545 appellare
1638 1494 1681 1530 te

76 1552 262 1602 auderet,
295 1567 427 1610 quum
456 1553 620 1595 videret
651 1559 811 1596 statuas
842 1556 895 1596 ab
926 1556 1273 1611 negotiatoribus,
1298 1556 1351 1597 ab
1375 1555 1624 1604 aratoribus,
1656 1570 1681 1596 a

76 1618 290 1659 communi
312 1618 480 1660 Siciliae
500 1619 657 1674 positas
672 1621 692 1662 P
753 1620 877 1667 Quod
906 1626 969 1662 est
990 1621 1107 1662 aliud
1126 1621 1172 1662 in
1193 1621 1269 1662 illa
1297 1620 1517 1676 provincia
1548 1635 1682 1675 genus

76 1683 298 1724 hominum
313 1684 333 1725 P
391 1684 585 1726 Nullum.
646 1685 764 1741 Ergo
786 1687 839 1728 ab
859 1686 1058 1728 universa
1077 1686 1296 1741 provincia
1317 1685 1636 1741 generatimque
1657 1701 1682 1726 a

77 1749 258 1804 singulis
279 1749 369 1805 ejus
388 1750 581 1805 partibus
602 1766 689 1792 non
709 1751 843 1792 solum
866 1751 1064 1807 diligitur
1084 1752 1157 1793 sed
1177 1751 1305 1792 etiam
1326 1756 1513 1793 ornatur.
1576 1750 1682 1797 Quis

75 1814 190 1856 hunc
229 1815 443 1871 attingere
483 1816 672 1858 audeat?
750 1816 878 1859 Potes
917 1817 1053 1873 igitur
1092 1817 1231 1859 dicere
1269 1816 1381 1858 nihil
1419 1816 1500 1858 tibi
1539 1816 1681 1857 obesse

76 1884 267 1934 oportere
302 1885 530 1931 aratorum,
563 1881 890 1937 negotiatorum,
928 1882 1165 1924 Siculorum
1197 1882 1388 1923 omnium
1426 1881 1682 1932 testimonia,

77 1959 210 1999 quum
231 1960 376 1986 eorum
395 1946 639 1988 nominibus
660 1947 706 1988 in
727 1952 964 1989 statuarum
984 1947 1260 2003 inscriptione
1280 1947 1483 2003 oppositis
1513 1962 1682 1988 omnem

77 2014 121 2051 te
156 2011 338 2065 speraris
371 2011 581 2053 invidiam
615 2017 742 2068 atque
774 2013 999 2055 infamiam
1031 2018 1149 2055 tuam
1168 2028 1288 2068 posse
1308 2012 1561 2068 extinguere
1575 2013 1595 2054 P
1625 2027 1681 2054 an

79 2090 260 2130 quorum
279 2081 328 2118 tu
348 2077 600 2119 auctoritate
632 2083 794 2121 statuas
827 2079 1101 2121 cohonestare
1133 2084 1227 2121 tuas
1262 2082 1436 2120 conatus
1457 2093 1513 2128 es,
1535 2092 1681 2119 eorum

120 2223 264 2264 possim]
305 2225 471 2265 ‘possum’
493 2227 514 2256 4
532 2226 572 2263 V,
591 2227 721 2259 Iordan.
767 2232 858 2269 ‘pos-
902 2229 998 2259 rum'
1021 2229 1079 2260 has
1101 2239 1121 2259 a
1142 2228 1224 2259 kind
1246 2227 1283 2259 of
1300 2226 1464 2267 meaning,
1480 2227 1510 2257 if
1527 2237 1575 2258 we
1595 2227 1680 2258 refer

80 2267 142 2297 sim
154 2267 163 2280 '
190 2267 255 2297 dtt.
302 2267 319 2297 I
343 2268 441 2299 think
467 2269 543 2300 that
569 2271 704 2311 ‘possim
714 2272 723 2286 ³
750 2272 777 2302 is
801 2273 858 2303 the
902 2272 985 2303 back
1001 2274 1037 2303 to
1049 2272 1106 2302 the
1118 2272 1223 2302 words
1240 2275 1249 2288 ‘
1260 2272 1313 2301 An
1327 2271 1388 2301 hoc
1403 2270 1509 2300 dicere
1525 2270 1680 2308 audebis,'

80 2312 156 2341 true
171 2310 317 2350 reading·
903 2315 981 2352 &c.;
1012 2315 1077 2345 and
1105 2315 1133 2345 it
1162 2324 1237 2354 may
1263 2324 1358 2344 mean
1385 2313 1494 2343 ‘these
1522 2313 1679 2351 Sicilians,

126 2355 185 2382 aut
201 2363 262 2392 quo
278 2353 371 2384 modo
388 2354 599 2396 existiment,]
643 2359 654 2373 ‘
665 2357 794 2388 Primus
809 2357 858 2388 in·
902 2358 1009 2388 whose
1025 2357 1170 2398 opinions
1185 2367 1249 2389 vou
1265 2357 1360 2387 affeet
1378 2358 1414 2386 to
1430 2356 1573 2396 despise.'
1619 2357 1680 2388 We

82 2396 185 2426 seruit
201 2406 217 2426 e
233 2395 291 2426 Cd.
311 2396 344 2426 N
346 2407 420 2427 ann.
441 2397 564 2437 Steph?
589 2398 727 2441 (Orelli.)
774 2401 858 2431 Hot-
902 2402 991 2431 must
1010 2401 1148 2440 perhaps
1169 2390 1305 2430 cbnnect
1327 2399 1384 2430 the
1404 2400 1563 2439 genitives
1585 2403 1594 2416 ‘
1607 2411 1680 2431 con-

81 2449 181 2469 mann
212 2439 418 2479 conjectured
449 2440 548 2471 ‘bene
574 2452 615 2472 an
641 2443 724 2473 male
751 2444 859 2474 existi·
903 2443 1152 2473 temnendorum
1176 2442 1379 2474 Siculorum'
1402 2443 1484 2473 with
1512 2443 1681 2474 ‘statuae’

81 2482 196 2513 ment.’
241 2482 342 2513 These
358 2483 462 2513 words
477 2484 632 2525 probably
649 2486 754 2525 ought
769 2488 804 2517 to
819 2487 860 2517 be
904 2486 973 2516 But
988 2496 1039 2516 see
1055 2486 1126 2516 Lib.
1144 2487 1173 2516 3.
1191 2496 1217 2516 c.
1234 2487 1286 2524 44,
1302 2488 1389 2516 note.

81 2525 231 2561 omitted,
251 2525 314 2555 and
338 2526 417 2566 they
438 2536 492 2557 are
516 2527 655 2558 omitted
678 2528 712 2558 in
736 2529 779 2559 all
802 2530 860 2560 the
947 2529 1087 2559 omnium
1116 2528 1336 2570 inimieorum]
1384 2529 1461 2559 This
1486 2529 1623 2570 reading
1648 2529 1686 2560 of

83 2568 179 2598 MSS.
195 2570 308 2608 except
324 2568 385 2609 Lg.
403 2570 444 2599 42
461 2569 539 2600 FN.
903 2571 934 2601 V
962 2572 988 2601 is
1012 2572 1149 2611 perhaps
1178 2572 1357 2612 preferable
1379 2574 1415 2602 to
1445 2572 1591 2612 Ziunpt's
1615 2572 1680 2603 and

125 2621 182 2642 nec
205 2611 235 2640 si
258 2612 389 2652 cupias]
437 2616 515 2643 ‘nec
541 2612 567 2643 si
594 2613 720 2653 cupies'
748 2614 858 2651 Klotz,
904 2615 1051 2644 Iordan's
1075 2615 1302 2655 ‘iniquorum‚'
1319 2615 1425 2647 which
1440 2625 1515 2656 may
1531 2615 1680 2646 however

82 2654 167 2684 from
198 2653 228 2683 V
258 2655 322 2685 and
351 2655 446 2686 other
475 2655 582 2693 MSS„
615 2660 624 2673 ‘
636 2657 765 2697 cupias'
797 2657 858 2697 Lg.
902 2657 942 2688 be
958 2657 1115 2687 defended
1130 2658 1172 2698 by
1189 2658 1260 2688 Lib.
1278 2659 1307 2689 5.
1325 2668 1351 2688 c.
1368 2659 1419 2689 69.

81 2699 125 2728 42
141 2703 175 2736 φ.
948 2701 1121 2740 appellare
1151 2700 1198 2741 te]
1239 2701 1279 2731 V.
1335 2701 1456 2741 Zumpt
1485 2701 1550 2731 and
1580 2701 1681 2732 Orelli

127 2740 307 2770 orationem
330 2741 630 2772 contemnendorum
657 2742 857 2783 Siculorum]
903 2744 985 2774 omit
1017 2744 1092 2774 ‘te.'
1150 2744 1358 2784 ‘Appellare’
1388 2744 1465 2774 here
1488 2755 1598 2775 means
1625 2744 1681 2775 ‘in

84 2783 152 2813 The
172 2783 263 2813 word
285 2786 295 2801 ‘
307 2785 615 2815 contemnendorum
626 2785 635 2799 ’
659 2796 759 2816 seems
781 2796 860 2826 very
899 2786 954 2827 jus
968 2786 1105 2817 vocare?
1151 2787 1209 2817 See
1226 2786 1292 2817 Cic.
1309 2787 1358 2817 De
1375 2786 1436 2817 Off.
1453 2787 1474 2817 i.
1491 2797 1517 2817 c.
1534 2787 1586 2818 25.

84 2826 246 2856 doubtful.
291 2825 402 2856 Ursini
418 2838 489 2868 says
505 2828 581 2859 that
596 2838 655 2859 one
671 2828 742 2862 MS,
753 2828 810 2859 has
825 2829 860 2859 in
948 2839 1083 2869 quorum
1121 2832 1156 2860 tu
1187 2829 1260 2871 effen]
1321 2829 1398 2860 This
1428 2830 1522 2860 order
1552 2830 1589 2860 of
1621 2829 1678 2860 the

82 2869 126 2900 its
141 2869 231 2910 place
253 2869 534 2910 ‘negotiatorum'
580 2875 590 2890 ‘
602 2871 860 2905 Contemnendo·
904 2873 1019 2911 words,
1036 2872 1177 2915 adopted
1191 2873 1234 2916 by
1251 2872 1350 2906 Klotz
1365 2873 1449 2905 from
1466 2873 1506 2911 V,
1518 2873 1545 2904 is
1556 2882 1677 2904 recom-
