<?xml version="1.0" encoding="UTF-8"?>
<!DOCTYPE html PUBLIC "-//W3C//DTD XHTML 1.0 Transitional//EN"
    "http://www.w3.org/TR/xhtml1/DTD/xhtml1-transitional.dtd">
<html xmlns="http://www.w3.org/1999/xhtml" xml:lang="en" lang="en">
 <head>
  <title>
</title>
<meta http-equiv="Content-Type" content="text/html;charset=utf-8" />
  <meta name='ocr-system' content='tesseract 3.04.00' />
  <meta name='ocr-capabilities' content='ocr_page ocr_carea ocr_par ocr_line ocrx_word'/>
</head>
<body>
  <div class='ocr_page' id='page_1' title='image "./orationeswithcom01ciceuoft_0225.png"; bbox 0 0 1849 3167; ppageno 0'>
   <div class='ocr_carea' id='block_1_1' title="bbox 560 171 1760 218">
    <p class='ocr_par' dir='ltr' id='par_1_1' title="bbox 560 171 1760 218">
     <span class='ocr_line' id='line_1_1' title="bbox 560 171 1760 218; baseline 0.002 -2"><span class='ocrx_word' id='word_1_1' title='bbox 560 173 688 216; x_wconf 87' lang='lat' dir='ltr'>ACT.</span> <span class='ocrx_word' id='word_1_2' title='bbox 722 173 785 215; x_wconf 88' lang='lat'>11.</span> <span class='ocrx_word' id='word_1_3' title='bbox 817 172 1004 214; x_wconf 85' lang='lat' dir='ltr'>LIBER</span> <span class='ocrx_word' id='word_1_4' title='bbox 1035 171 1362 215; x_wconf 82' lang='lat' dir='ltr'>SECUNDUS.</span> <span class='ocrx_word' id='word_1_5' title='bbox 1673 175 1760 218; x_wconf 80' lang='lat'>207</span> 
     </span>
    </p>
   </div>
   <div class='ocr_carea' id='block_1_2' title="bbox 148 285 1770 1913">
    <p class='ocr_par' dir='ltr' id='par_1_2' title="bbox 148 285 1770 1913">
     <span class='ocr_line' id='line_1_2' title="bbox 211 285 1760 343; baseline 0.002 -15"><span class='ocrx_word' id='word_1_6' title='bbox 211 287 295 335; x_wconf 78' lang='lat' dir='ltr'>Qui</span> <span class='ocrx_word' id='word_1_7' title='bbox 316 286 443 329; x_wconf 90' lang='lat' dir='ltr'>simul</span> <span class='ocrx_word' id='word_1_8' title='bbox 464 292 592 343; x_wconf 87' lang='lat' dir='ltr'>atque</span> <span class='ocrx_word' id='word_1_9' title='bbox 612 287 652 329; x_wconf 91' lang='lat' dir='ltr'>ei</span> <span class='ocrx_word' id='word_1_10' title='bbox 672 292 783 329; x_wconf 99' lang='lat' dir='ltr'>sorte</span> <span class='ocrx_word' id='word_1_11' title='bbox 802 285 1021 343; x_wconf 84' lang='lat' dir='ltr'>provincia</span> <span class='ocrx_word' id='word_1_12' title='bbox 1041 286 1188 328; x_wconf 81' lang='lat' dir='ltr'>Sicilia</span> <span class='ocrx_word' id='word_1_13' title='bbox 1211 287 1398 337; x_wconf 85' lang='lat' dir='ltr'>obvenit,</span> <span class='ocrx_word' id='word_1_14' title='bbox 1422 287 1567 329; x_wconf 87' lang='lat' dir='ltr'>statim</span> <span class='ocrx_word' id='word_1_15' title='bbox 1597 288 1760 331; x_wconf 89' lang='lat' dir='ltr'>Romae</span> 
     </span>
     <span class='ocr_line' id='line_1_3' title="bbox 148 352 1761 408; baseline 0.001 -13"><span class='ocrx_word' id='word_1_16' title='bbox 148 359 191 396; x_wconf 91' lang='lat' dir='ltr'>et</span> <span class='ocrx_word' id='word_1_17' title='bbox 231 354 285 394; x_wconf 89' lang='lat' dir='ltr'>ad</span> <span class='ocrx_word' id='word_1_18' title='bbox 323 354 473 394; x_wconf 88' lang='lat' dir='ltr'>urbem</span> <span class='ocrx_word' id='word_1_19' title='bbox 513 358 744 408; x_wconf 84' lang='lat' dir='ltr'>antequam</span> <span class='ocrx_word' id='word_1_20' title='bbox 782 352 1119 408; x_wconf 85' lang='lat' dir='ltr'>proficisceretur</span> <span class='ocrx_word' id='word_1_21' title='bbox 1159 368 1362 408; x_wconf 83' lang='lat' dir='ltr'>quaerere</span> <span class='ocrx_word' id='word_1_22' title='bbox 1402 353 1492 408; x_wconf 90' lang='lat' dir='ltr'>ipse</span> <span class='ocrx_word' id='word_1_23' title='bbox 1533 369 1675 395; x_wconf 89' lang='lat' dir='ltr'>secum</span> <span class='ocrx_word' id='word_1_24' title='bbox 1717 361 1761 396; x_wconf 92' lang='lat' dir='ltr'>et</span> 
     </span>
     <span class='ocr_line' id='line_1_4' title="bbox 151 417 1763 474; baseline 0 -14"><span class='ocrx_word' id='word_1_25' title='bbox 151 418 315 474; x_wconf 84' lang='lat' dir='ltr'>agitare</span> <span class='ocrx_word' id='word_1_26' title='bbox 336 433 433 459; x_wconf 89' lang='lat' dir='ltr'>cum</span> <span class='ocrx_word' id='word_1_27' title='bbox 454 417 540 459; x_wconf 87' lang='lat' dir='ltr'>suis</span> <span class='ocrx_word' id='word_1_28' title='bbox 562 419 711 473; x_wconf 89' lang='lat' dir='ltr'>coepit,</span> <span class='ocrx_word' id='word_1_29' title='bbox 735 418 990 474; x_wconf 86' lang='lat' dir='ltr'>quibusnam</span> <span class='ocrx_word' id='word_1_30' title='bbox 1010 418 1135 459; x_wconf 90' lang='lat' dir='ltr'>rebus</span> <span class='ocrx_word' id='word_1_31' title='bbox 1155 418 1202 459; x_wconf 91' lang='lat' dir='ltr'>in</span> <span class='ocrx_word' id='word_1_32' title='bbox 1223 433 1271 459; x_wconf 87' lang='lat' dir='ltr'>ea</span> <span class='ocrx_word' id='word_1_33' title='bbox 1291 418 1511 473; x_wconf 86' lang='lat' dir='ltr'>provincia</span> <span class='ocrx_word' id='word_1_34' title='bbox 1530 420 1763 462; x_wconf 71' lang='lat' dir='ltr'>maximam</span> 
     </span>
     <span class='ocr_line' id='line_1_5' title="bbox 152 483 1762 539; baseline 0 -13"><span class='ocrx_word' id='word_1_35' title='bbox 152 501 238 527; x_wconf 90' lang='lat' dir='ltr'>uno</span> <span class='ocrx_word' id='word_1_36' title='bbox 274 500 386 527; x_wconf 86' lang='lat' dir='ltr'>anno</span> <span class='ocrx_word' id='word_1_37' title='bbox 426 483 652 539; x_wconf 87' lang='lat' dir='ltr'>pecuniam</span> <span class='ocrx_word' id='word_1_38' title='bbox 692 484 830 525; x_wconf 88' lang='lat' dir='ltr'>facere</span> <span class='ocrx_word' id='word_1_39' title='bbox 870 488 1022 539; x_wconf 86' lang='lat' dir='ltr'>posset.</span> <span class='ocrx_word' id='word_1_40' title='bbox 1083 483 1126 525; x_wconf 89' lang='lat' dir='ltr'>N</span> <span class='ocrx_word' id='word_1_41' title='bbox 1129 483 1267 525; x_wconf 90' lang='lat' dir='ltr'>olebat</span> <span class='ocrx_word' id='word_1_42' title='bbox 1304 483 1350 524; x_wconf 88' lang='lat' dir='ltr'>in</span> <span class='ocrx_word' id='word_1_43' title='bbox 1383 484 1549 538; x_wconf 85' lang='lat' dir='ltr'>agendo</span> <span class='ocrx_word' id='word_1_44' title='bbox 1589 485 1762 534; x_wconf 84' lang='lat' dir='ltr'>discere,</span> 
     </span>
     <span class='ocr_line' id='line_1_6' title="bbox 151 548 1765 604; baseline -0.001 -12"><span class='ocrx_word' id='word_1_45' title='bbox 151 549 322 592; x_wconf 83' lang='lat' dir='ltr'>tametsi</span> <span class='ocrx_word' id='word_1_46' title='bbox 341 564 428 590; x_wconf 90' lang='lat' dir='ltr'>non</span> <span class='ocrx_word' id='word_1_47' title='bbox 448 549 692 604; x_wconf 88' lang='lat' dir='ltr'>provinciae</span> <span class='ocrx_word' id='word_1_48' title='bbox 713 549 831 590; x_wconf 88' lang='lat' dir='ltr'>rudis</span> <span class='ocrx_word' id='word_1_49' title='bbox 852 554 942 590; x_wconf 88' lang='lat' dir='ltr'>erat</span> <span class='ocrx_word' id='word_1_50' title='bbox 963 553 1006 590; x_wconf 88' lang='lat' dir='ltr'>et</span> <span class='ocrx_word' id='word_1_51' title='bbox 1027 548 1121 599; x_wconf 88' lang='lat' dir='ltr'>tiro,</span> <span class='ocrx_word' id='word_1_52' title='bbox 1145 549 1218 590; x_wconf 86' lang='lat' dir='ltr'>sed</span> <span class='ocrx_word' id='word_1_53' title='bbox 1238 549 1282 591; x_wconf 85' lang='lat' dir='ltr'>in</span> <span class='ocrx_word' id='word_1_54' title='bbox 1308 548 1497 590; x_wconf 83' lang='lat' dir='ltr'>Siciliam</span> <span class='ocrx_word' id='word_1_55' title='bbox 1517 554 1690 604; x_wconf 83' lang='lat' dir='ltr'>paratus</span> <span class='ocrx_word' id='word_1_56' title='bbox 1711 551 1765 591; x_wconf 86' lang='lat' dir='ltr'>ad</span> 
     </span>
     <span class='ocr_line' id='line_1_7' title="bbox 151 613 1764 671; baseline -0.001 -15"><span class='ocrx_word' id='word_1_57' title='bbox 151 616 354 671; x_wconf 83' lang='lat' dir='ltr'>praedam</span> <span class='ocrx_word' id='word_1_58' title='bbox 382 614 697 670; x_wconf 78' lang='lat' dir='ltr'>meditatusque</span> <span class='ocrx_word' id='word_1_59' title='bbox 726 613 873 657; x_wconf 87' lang='lat' dir='ltr'>venire</span> <span class='ocrx_word' id='word_1_60' title='bbox 903 614 1110 670; x_wconf 89' lang='lat' dir='ltr'>cupiebat.</span> <span class='ocrx_word' id='word_1_61' title='bbox 1175 614 1211 655; x_wconf 89' lang='lat' dir='ltr'>O</span> <span class='ocrx_word' id='word_1_62' title='bbox 1232 614 1449 669; x_wconf 88' lang='lat' dir='ltr'>praeclare</span> <span class='ocrx_word' id='word_1_63' title='bbox 1479 615 1718 670; x_wconf 86' lang='lat' dir='ltr'>conjectum</span> <span class='ocrx_word' id='word_1_64' title='bbox 1739 631 1764 656; x_wconf 92' lang='lat' dir='ltr'>a</span> 
     </span>
     <span class='ocr_line' id='line_1_8' title="bbox 151 679 1762 736; baseline 0.002 -14"><span class='ocrx_word' id='word_1_65' title='bbox 151 681 282 736; x_wconf 83' lang='lat' dir='ltr'>vulgo</span> <span class='ocrx_word' id='word_1_66' title='bbox 312 681 358 722; x_wconf 89' lang='lat' dir='ltr'>in</span> <span class='ocrx_word' id='word_1_67' title='bbox 388 680 508 722; x_wconf 85' lang='lat' dir='ltr'>illam</span> <span class='ocrx_word' id='word_1_68' title='bbox 537 681 802 736; x_wconf 87' lang='lat' dir='ltr'>provinciam</span> <span class='ocrx_word' id='word_1_69' title='bbox 831 696 955 722; x_wconf 91' lang='lat' dir='ltr'>omen</span> <span class='ocrx_word' id='word_1_70' title='bbox 983 679 1217 723; x_wconf 90' lang='lat' dir='ltr'>communis</span> <span class='ocrx_word' id='word_1_71' title='bbox 1238 680 1375 722; x_wconf 87' lang='lat' dir='ltr'>famae</span> <span class='ocrx_word' id='word_1_72' title='bbox 1396 686 1523 736; x_wconf 80' lang='lat' dir='ltr'>atque</span> <span class='ocrx_word' id='word_1_73' title='bbox 1545 681 1762 725; x_wconf 73' lang='lat' dir='ltr'>sermonis,</span> 
     </span>
     <span class='ocr_line' id='line_1_9' title="bbox 155 745 1763 802; baseline 0.001 -16"><span class='ocrx_word' id='word_1_74' title='bbox 155 761 289 801; x_wconf 91' lang='lat' dir='ltr'>quum</span> <span class='ocrx_word' id='word_1_75' title='bbox 319 762 373 787; x_wconf 82' lang='lat' dir='ltr'>ex</span> <span class='ocrx_word' id='word_1_76' title='bbox 402 746 575 788; x_wconf 89' lang='lat' dir='ltr'>nomine</span> <span class='ocrx_word' id='word_1_77' title='bbox 605 746 727 788; x_wconf 90' lang='lat' dir='ltr'>istius</span> <span class='ocrx_word' id='word_1_78' title='bbox 748 746 852 802; x_wconf 89' lang='lat' dir='ltr'>quid</span> <span class='ocrx_word' id='word_1_79' title='bbox 872 746 951 788; x_wconf 90' lang='lat' dir='ltr'>iste</span> <span class='ocrx_word' id='word_1_80' title='bbox 983 746 1029 787; x_wconf 91' lang='lat' dir='ltr'>in</span> <span class='ocrx_word' id='word_1_81' title='bbox 1061 745 1280 802; x_wconf 85' lang='lat' dir='ltr'>provincia</span> <span class='ocrx_word' id='word_1_82' title='bbox 1312 746 1501 787; x_wconf 85' lang='lat' dir='ltr'>facturus</span> <span class='ocrx_word' id='word_1_83' title='bbox 1532 752 1639 788; x_wconf 85' lang='lat' dir='ltr'>esset</span> <span class='ocrx_word' id='word_1_84' title='bbox 1668 763 1763 802; x_wconf 89' lang='lat' dir='ltr'>per-</span> 
     </span>
     <span class='ocr_line' id='line_1_10' title="bbox 154 811 1766 868; baseline 0.001 -16"><span class='ocrx_word' id='word_1_85' title='bbox 154 811 333 853; x_wconf 83' lang='lat' dir='ltr'>ridicule</span> <span class='ocrx_word' id='word_1_86' title='bbox 353 811 546 853; x_wconf 87' lang='lat' dir='ltr'>homines</span> <span class='ocrx_word' id='word_1_87' title='bbox 567 812 899 867; x_wconf 80' lang='lat' dir='ltr'>augurabantur.</span> <span class='ocrx_word' id='word_1_88' title='bbox 960 812 1135 853; x_wconf 83' lang='lat' dir='ltr'>Etenim</span> <span class='ocrx_word' id='word_1_89' title='bbox 1156 811 1250 867; x_wconf 90' lang='lat' dir='ltr'>quis</span> <span class='ocrx_word' id='word_1_90' title='bbox 1272 812 1467 853; x_wconf 88' lang='lat' dir='ltr'>dubitare</span> <span class='ocrx_word' id='word_1_91' title='bbox 1479 817 1619 867; x_wconf 92' lang='lat' dir='ltr'>posset</span> <span class='ocrx_word' id='word_1_92' title='bbox 1632 828 1766 868; x_wconf 86' lang='lat' dir='ltr'>quum</span> 
     </span>
     <span class='ocr_line' id='line_1_11' title="bbox 152 876 1760 934; baseline 0.001 -17"><span class='ocrx_word' id='word_1_93' title='bbox 152 876 275 918; x_wconf 88' lang='lat' dir='ltr'>istius</span> <span class='ocrx_word' id='word_1_94' title='bbox 304 877 351 918; x_wconf 88' lang='lat' dir='ltr'>in</span> <span class='ocrx_word' id='word_1_95' title='bbox 381 882 609 932; x_wconf 82' lang='lat' dir='ltr'>quaestura</span> <span class='ocrx_word' id='word_1_96' title='bbox 641 876 791 932; x_wconf 85' lang='lat' dir='ltr'>fugam</span> <span class='ocrx_word' id='word_1_97' title='bbox 811 882 855 918; x_wconf 89' lang='lat' dir='ltr'>et</span> <span class='ocrx_word' id='word_1_98' title='bbox 876 876 1040 917; x_wconf 90' lang='lat' dir='ltr'>furtum</span> <span class='ocrx_word' id='word_1_99' title='bbox 1069 883 1400 933; x_wconf 80' lang='lat' dir='ltr'>recognosceret,</span> <span class='ocrx_word' id='word_1_100' title='bbox 1423 893 1557 933; x_wconf 90' lang='lat' dir='ltr'>quum</span> <span class='ocrx_word' id='word_1_101' title='bbox 1577 878 1623 919; x_wconf 89' lang='lat' dir='ltr'>in</span> <span class='ocrx_word' id='word_1_102' title='bbox 1642 878 1760 934; x_wconf 87' lang='lat' dir='ltr'>lega-</span> 
     </span>
     <span class='ocr_line' id='line_1_12' title="bbox 152 942 1766 999; baseline 0 -14"><span class='ocrx_word' id='word_1_103' title='bbox 152 943 268 985; x_wconf 86' lang='lat' dir='ltr'>tione</span> <span class='ocrx_word' id='word_1_104' title='bbox 288 943 540 999; x_wconf 86' lang='lat' dir='ltr'>oppidorum</span> <span class='ocrx_word' id='word_1_105' title='bbox 561 943 840 997; x_wconf 88' lang='lat' dir='ltr'>fanorumque</span> <span class='ocrx_word' id='word_1_106' title='bbox 861 942 1130 997; x_wconf 82' lang='lat' dir='ltr'>spoliationes</span> <span class='ocrx_word' id='word_1_107' title='bbox 1151 942 1371 998; x_wconf 84' lang='lat' dir='ltr'>cogitaret,</span> <span class='ocrx_word' id='word_1_108' title='bbox 1395 959 1528 998; x_wconf 88' lang='lat' dir='ltr'>quum</span> <span class='ocrx_word' id='word_1_109' title='bbox 1543 943 1707 985; x_wconf 85' lang='lat' dir='ltr'>videret</span> <span class='ocrx_word' id='word_1_110' title='bbox 1719 943 1766 985; x_wconf 89' lang='lat' dir='ltr'>in</span> 
     </span>
     <span class='ocr_line' id='line_1_13' title="bbox 153 1008 1765 1064; baseline 0 -14"><span class='ocrx_word' id='word_1_111' title='bbox 153 1008 244 1050; x_wconf 85' lang='lat' dir='ltr'>foro</span> <span class='ocrx_word' id='word_1_112' title='bbox 283 1008 505 1050; x_wconf 85' lang='lat' dir='ltr'>latrocinia</span> <span class='ocrx_word' id='word_1_113' title='bbox 540 1013 776 1063; x_wconf 87' lang='lat' dir='ltr'>praeturae,</span> <span class='ocrx_word' id='word_1_114' title='bbox 814 1008 951 1063; x_wconf 89' lang='lat' dir='ltr'>qualis</span> <span class='ocrx_word' id='word_1_115' title='bbox 986 1008 1066 1049; x_wconf 90' lang='lat' dir='ltr'>iste</span> <span class='ocrx_word' id='word_1_116' title='bbox 1090 1008 1136 1049; x_wconf 89' lang='lat' dir='ltr'>in</span> <span class='ocrx_word' id='word_1_117' title='bbox 1169 1014 1321 1063; x_wconf 84' lang='lat' dir='ltr'>quarto</span> <span class='ocrx_word' id='word_1_118' title='bbox 1352 1014 1450 1050; x_wconf 85' lang='lat' dir='ltr'>actu</span> <span class='ocrx_word' id='word_1_119' title='bbox 1479 1008 1765 1064; x_wconf 81' lang='lat' dir='ltr'>improbitatis</span> 
     </span>
     <span class='ocr_line' id='line_1_14' title="bbox 153 1073 1766 1130; baseline 0.001 -15"><span class='ocrx_word' id='word_1_120' title='bbox 153 1074 323 1116; x_wconf 80' lang='lat' dir='ltr'>futurus</span> <span class='ocrx_word' id='word_1_121' title='bbox 353 1075 494 1116; x_wconf 75' lang='lat' dir='ltr'>esset?</span> <span class='ocrx_word' id='word_1_122' title='bbox 553 1074 660 1115; x_wconf 89' lang='lat' dir='ltr'>VII.</span> <span class='ocrx_word' id='word_1_123' title='bbox 692 1073 837 1129; x_wconf 71' lang='lat' dir='ltr'>Atque</span> <span class='ocrx_word' id='word_1_124' title='bbox 869 1082 916 1115; x_wconf 91' lang='lat' dir='ltr'>ut</span> <span class='ocrx_word' id='word_1_125' title='bbox 946 1073 1198 1129; x_wconf 84' lang='lat' dir='ltr'>intelligatis</span> <span class='ocrx_word' id='word_1_126' title='bbox 1234 1089 1331 1115; x_wconf 90' lang='lat' dir='ltr'>eum</span> <span class='ocrx_word' id='word_1_127' title='bbox 1364 1074 1524 1116; x_wconf 85' lang='lat' dir='ltr'>Romae</span> <span class='ocrx_word' id='word_1_128' title='bbox 1557 1074 1766 1130; x_wconf 80' lang='lat' dir='ltr'>quaesisse</span> 
     </span>
     <span class='ocr_line' id='line_1_15' title="bbox 154 1139 1766 1195; baseline 0.001 -15"><span class='ocrx_word' id='word_1_129' title='bbox 154 1155 240 1180; x_wconf 93' lang='lat' dir='ltr'>non</span> <span class='ocrx_word' id='word_1_130' title='bbox 260 1140 385 1181; x_wconf 87' lang='lat' dir='ltr'>modo</span> <span class='ocrx_word' id='word_1_131' title='bbox 407 1155 565 1195; x_wconf 88' lang='lat' dir='ltr'>genera</span> <span class='ocrx_word' id='word_1_132' title='bbox 596 1139 768 1180; x_wconf 86' lang='lat' dir='ltr'>furandi</span> <span class='ocrx_word' id='word_1_133' title='bbox 790 1140 863 1180; x_wconf 89' lang='lat' dir='ltr'>sed</span> <span class='ocrx_word' id='word_1_134' title='bbox 883 1139 1013 1180; x_wconf 85' lang='lat' dir='ltr'>etiam</span> <span class='ocrx_word' id='word_1_135' title='bbox 1046 1139 1231 1189; x_wconf 89' lang='lat' dir='ltr'>nomina,</span> <span class='ocrx_word' id='word_1_136' title='bbox 1269 1140 1553 1180; x_wconf 86' lang='lat' dir='ltr'>certissimum</span> <span class='ocrx_word' id='word_1_137' title='bbox 1587 1140 1766 1194; x_wconf 87' lang='lat' dir='ltr'>accipite</span> 
     </span>
     <span class='ocr_line' id='line_1_16' title="bbox 155 1204 1766 1260; baseline 0 -14"><span class='ocrx_word' id='word_1_138' title='bbox 155 1210 470 1260; x_wconf 84' lang='lat' dir='ltr'>argumentum,</span> <span class='ocrx_word' id='word_1_139' title='bbox 494 1220 577 1260; x_wconf 92' lang='lat' dir='ltr'>quo</span> <span class='ocrx_word' id='word_1_140' title='bbox 609 1204 776 1245; x_wconf 87' lang='lat' dir='ltr'>facilius</span> <span class='ocrx_word' id='word_1_141' title='bbox 796 1205 848 1245; x_wconf 91' lang='lat' dir='ltr'>de</span> <span class='ocrx_word' id='word_1_142' title='bbox 869 1204 1078 1259; x_wconf 86' lang='lat' dir='ltr'>singulari</span> <span class='ocrx_word' id='word_1_143' title='bbox 1105 1205 1196 1260; x_wconf 89' lang='lat' dir='ltr'>ejus</span> <span class='ocrx_word' id='word_1_144' title='bbox 1223 1204 1490 1259; x_wconf 89' lang='lat' dir='ltr'>impudentia</span> <span class='ocrx_word' id='word_1_145' title='bbox 1522 1205 1766 1246; x_wconf 80' lang='lat' dir='ltr'>existimare</span> 
     </span>
     <span class='ocr_line' id='line_1_17' title="bbox 154 1269 1766 1325; baseline -0.001 -13"><span class='ocrx_word' id='word_1_146' title='bbox 154 1270 337 1325; x_wconf 87' lang='lat' dir='ltr'>possitis.</span> <span class='ocrx_word' id='word_1_147' title='bbox 401 1270 495 1316; x_wconf 79' lang='lat' dir='ltr'>Quo</span> <span class='ocrx_word' id='word_1_148' title='bbox 528 1269 596 1310; x_wconf 89' lang='lat' dir='ltr'>die</span> <span class='ocrx_word' id='word_1_149' title='bbox 624 1269 813 1310; x_wconf 75' lang='lat' dir='ltr'>Siciliam</span> <span class='ocrx_word' id='word_1_150' title='bbox 845 1269 1002 1324; x_wconf 88' lang='lat' dir='ltr'>tetigit,</span> <span class='ocrx_word' id='word_1_151' title='bbox 1040 1269 1181 1311; x_wconf 90' lang='lat' dir='ltr'>videte</span> <span class='ocrx_word' id='word_1_152' title='bbox 1214 1270 1370 1311; x_wconf 85' lang='lat' dir='ltr'>satisne</span> <span class='ocrx_word' id='word_1_153' title='bbox 1401 1276 1574 1325; x_wconf 90' lang='lat' dir='ltr'>paratus</span> <span class='ocrx_word' id='word_1_154' title='bbox 1607 1286 1661 1311; x_wconf 82' lang='lat' dir='ltr'>ex</span> <span class='ocrx_word' id='word_1_155' title='bbox 1692 1269 1766 1311; x_wconf 92' lang='lat' dir='ltr'>illo</span> 
     </span>
     <span class='ocr_line' id='line_1_18' title="bbox 156 1334 1767 1390; baseline 0 -14"><span class='ocrx_word' id='word_1_156' title='bbox 156 1336 296 1377; x_wconf 91' lang='lat' dir='ltr'>omine</span> <span class='ocrx_word' id='word_1_157' title='bbox 317 1335 480 1376; x_wconf 88' lang='lat' dir='ltr'>urbano</span> <span class='ocrx_word' id='word_1_158' title='bbox 502 1335 555 1376; x_wconf 90' lang='lat' dir='ltr'>ad</span> <span class='ocrx_word' id='word_1_159' title='bbox 577 1335 854 1376; x_wconf 83' lang='lat' dir='ltr'>everrendam</span> <span class='ocrx_word' id='word_1_160' title='bbox 880 1334 1145 1390; x_wconf 86' lang='lat' dir='ltr'>provinciam</span> <span class='ocrx_word' id='word_1_161' title='bbox 1177 1335 1356 1385; x_wconf 86' lang='lat' dir='ltr'>venerit,</span> <span class='ocrx_word' id='word_1_162' title='bbox 1392 1335 1537 1377; x_wconf 86' lang='lat' dir='ltr'>statim</span> <span class='ocrx_word' id='word_1_163' title='bbox 1569 1335 1767 1377; x_wconf 86' lang='lat' dir='ltr'>Messana</span> 
     </span>
     <span class='ocr_line' id='line_1_19' title="bbox 154 1399 1766 1456; baseline 0 -14"><span class='ocrx_word' id='word_1_164' title='bbox 154 1401 299 1442; x_wconf 87' lang='lat' dir='ltr'>literas</span> <span class='ocrx_word' id='word_1_165' title='bbox 320 1400 524 1441; x_wconf 84' lang='lat' dir='ltr'>Halesam</span> <span class='ocrx_word' id='word_1_166' title='bbox 544 1399 692 1449; x_wconf 87' lang='lat' dir='ltr'>mittit,</span> <span class='ocrx_word' id='word_1_167' title='bbox 717 1415 821 1455; x_wconf 87' lang='lat' dir='ltr'>quas</span> <span class='ocrx_word' id='word_1_168' title='bbox 843 1416 922 1456; x_wconf 89' lang='lat' dir='ltr'>ego</span> <span class='ocrx_word' id='word_1_169' title='bbox 942 1400 1073 1442; x_wconf 87' lang='lat' dir='ltr'>istum</span> <span class='ocrx_word' id='word_1_170' title='bbox 1093 1401 1139 1441; x_wconf 92' lang='lat' dir='ltr'>in</span> <span class='ocrx_word' id='word_1_171' title='bbox 1160 1401 1291 1442; x_wconf 89' lang='lat' dir='ltr'>Italia</span> <span class='ocrx_word' id='word_1_172' title='bbox 1312 1401 1526 1456; x_wconf 87' lang='lat' dir='ltr'>scripsisse</span> <span class='ocrx_word' id='word_1_173' title='bbox 1557 1401 1740 1443; x_wconf 84' lang='lat' dir='ltr'>arbitror</span> <span class='ocrx_word' id='word_1_174' title='bbox 1757 1416 1766 1451; x_wconf 89' lang='lat'>;</span> 
     </span>
     <span class='ocr_line' id='line_1_20' title="bbox 154 1466 1768 1524; baseline -0.001 -14"><span class='ocrx_word' id='word_1_175' title='bbox 154 1484 256 1510; x_wconf 91' lang='lat' dir='ltr'>nam</span> <span class='ocrx_word' id='word_1_176' title='bbox 276 1468 403 1510; x_wconf 90' lang='lat' dir='ltr'>simul</span> <span class='ocrx_word' id='word_1_177' title='bbox 423 1474 550 1524; x_wconf 86' lang='lat' dir='ltr'>atque</span> <span class='ocrx_word' id='word_1_178' title='bbox 571 1484 593 1509; x_wconf 93' lang='lat' dir='ltr'>e</span> <span class='ocrx_word' id='word_1_179' title='bbox 613 1467 715 1509; x_wconf 91' lang='lat' dir='ltr'>navi</span> <span class='ocrx_word' id='word_1_180' title='bbox 736 1482 928 1523; x_wconf 85' lang='lat' dir='ltr'>egressus</span> <span class='ocrx_word' id='word_1_181' title='bbox 949 1472 1025 1517; x_wconf 88' lang='lat' dir='ltr'>est,</span> <span class='ocrx_word' id='word_1_182' title='bbox 1048 1466 1166 1508; x_wconf 88' lang='lat' dir='ltr'>dedit</span> <span class='ocrx_word' id='word_1_183' title='bbox 1199 1482 1370 1522; x_wconf 89' lang='lat' dir='ltr'>operam</span> <span class='ocrx_word' id='word_1_184' title='bbox 1390 1472 1439 1508; x_wconf 90' lang='lat' dir='ltr'>ut</span> <span class='ocrx_word' id='word_1_185' title='bbox 1460 1466 1692 1508; x_wconf 84' lang='lat' dir='ltr'>Halesinus</span> <span class='ocrx_word' id='word_1_186' title='bbox 1713 1467 1768 1508; x_wconf 89' lang='lat' dir='ltr'>ad</span> 
     </span>
     <span class='ocr_line' id='line_1_21' title="bbox 156 1532 1769 1588; baseline -0.001 -13"><span class='ocrx_word' id='word_1_187' title='bbox 156 1550 200 1576; x_wconf 92' lang='lat' dir='ltr'>se</span> <span class='ocrx_word' id='word_1_188' title='bbox 232 1534 314 1575; x_wconf 90' lang='lat' dir='ltr'>Dio</span> <span class='ocrx_word' id='word_1_189' title='bbox 346 1534 548 1575; x_wconf 87' lang='lat' dir='ltr'>continuo</span> <span class='ocrx_word' id='word_1_190' title='bbox 579 1533 774 1583; x_wconf 84' lang='lat' dir='ltr'>veniret3</span> <span class='ocrx_word' id='word_1_191' title='bbox 806 1547 850 1574; x_wconf 86' lang='lat' dir='ltr'>se</span> <span class='ocrx_word' id='word_1_192' title='bbox 882 1533 934 1574; x_wconf 92' lang='lat' dir='ltr'>de</span> <span class='ocrx_word' id='word_1_193' title='bbox 966 1532 1203 1573; x_wconf 87' lang='lat' dir='ltr'>hereditate</span> <span class='ocrx_word' id='word_1_194' title='bbox 1235 1532 1344 1574; x_wconf 89' lang='lat' dir='ltr'>velle</span> <span class='ocrx_word' id='word_1_195' title='bbox 1380 1547 1632 1588; x_wconf 86' lang='lat' dir='ltr'>cognoscere</span> <span class='ocrx_word' id='word_1_196' title='bbox 1661 1547 1769 1587; x_wconf 85' lang='lat' dir='ltr'>quae</span> 
     </span>
     <span class='ocr_line' id='line_1_22' title="bbox 157 1597 1770 1655; baseline -0.002 -14"><span class='ocrx_word' id='word_1_197' title='bbox 157 1600 247 1655; x_wconf 88' lang='lat' dir='ltr'>ejus</span> <span class='ocrx_word' id='word_1_198' title='bbox 267 1599 355 1641; x_wconf 92' lang='lat' dir='ltr'>filio</span> <span class='ocrx_word' id='word_1_199' title='bbox 376 1615 400 1640; x_wconf 89' lang='lat' dir='ltr'>a</span> <span class='ocrx_word' id='word_1_200' title='bbox 421 1599 660 1655; x_wconf 91' lang='lat' dir='ltr'>propinquo</span> <span class='ocrx_word' id='word_1_201' title='bbox 681 1597 854 1640; x_wconf 88' lang='lat' dir='ltr'>homine</span> <span class='ocrx_word' id='word_1_202' title='bbox 881 1597 1142 1653; x_wconf 85' lang='lat' dir='ltr'>Apollodoro</span> <span class='ocrx_word' id='word_1_203' title='bbox 1173 1597 1418 1653; x_wconf 85' lang='lat' dir='ltr'>Laphirone</span> <span class='ocrx_word' id='word_1_204' title='bbox 1447 1597 1643 1639; x_wconf 84' lang='lat' dir='ltr'>venisset.</span> <span class='ocrx_word' id='word_1_205' title='bbox 1705 1597 1770 1638; x_wconf 84' lang='lat' dir='ltr'>Ea</span> 
     </span>
     <span class='ocr_line' id='line_1_23' title="bbox 157 1662 1768 1721; baseline -0.002 -15"><span class='ocrx_word' id='word_1_206' title='bbox 157 1670 259 1715; x_wconf 86' lang='lat' dir='ltr'>erat,</span> <span class='ocrx_word' id='word_1_207' title='bbox 278 1664 454 1721; x_wconf 84' lang='lat' dir='ltr'>judices,</span> <span class='ocrx_word' id='word_1_208' title='bbox 478 1664 731 1719; x_wconf 85' lang='lat' dir='ltr'>pergrandis</span> <span class='ocrx_word' id='word_1_209' title='bbox 751 1663 943 1719; x_wconf 87' lang='lat' dir='ltr'>pecunia.</span> <span class='ocrx_word' id='word_1_210' title='bbox 1005 1662 1090 1704; x_wconf 89' lang='lat' dir='ltr'>Hic</span> <span class='ocrx_word' id='word_1_211' title='bbox 1112 1668 1174 1704; x_wconf 87' lang='lat' dir='ltr'>est</span> <span class='ocrx_word' id='word_1_212' title='bbox 1195 1663 1290 1713; x_wconf 93' lang='lat' dir='ltr'>Dio,</span> <span class='ocrx_word' id='word_1_213' title='bbox 1309 1663 1485 1719; x_wconf 89' lang='lat' dir='ltr'>judices,</span> <span class='ocrx_word' id='word_1_214' title='bbox 1508 1678 1622 1704; x_wconf 89' lang='lat' dir='ltr'>nunc</span> <span class='ocrx_word' id='word_1_215' title='bbox 1642 1663 1768 1704; x_wconf 86' lang='lat' dir='ltr'>bene-</span> 
     </span>
     <span class='ocr_line' id='line_1_24' title="bbox 157 1727 1769 1783; baseline -0.002 -13"><span class='ocrx_word' id='word_1_216' title='bbox 157 1730 252 1772; x_wconf 91' lang='lat' dir='ltr'>ficio</span> <span class='ocrx_word' id='word_1_217' title='bbox 274 1729 324 1775; x_wconf 77' lang='lat' dir='ltr'>Q.</span> <span class='ocrx_word' id='word_1_218' title='bbox 348 1729 514 1771; x_wconf 87' lang='lat' dir='ltr'>Metelli</span> <span class='ocrx_word' id='word_1_219' title='bbox 535 1729 639 1770; x_wconf 88' lang='lat' dir='ltr'>civis</span> <span class='ocrx_word' id='word_1_220' title='bbox 661 1729 880 1770; x_wconf 81' lang='lat' dir='ltr'>Romanus</span> <span class='ocrx_word' id='word_1_221' title='bbox 902 1728 1066 1778; x_wconf 86' lang='lat' dir='ltr'>factus3</span> <span class='ocrx_word' id='word_1_222' title='bbox 1099 1729 1151 1769; x_wconf 88' lang='lat' dir='ltr'>de</span> <span class='ocrx_word' id='word_1_223' title='bbox 1180 1744 1263 1783; x_wconf 90' lang='lat' dir='ltr'>quo</span> <span class='ocrx_word' id='word_1_224' title='bbox 1296 1728 1443 1770; x_wconf 81' lang='lat' dir='ltr'>multis</span> <span class='ocrx_word' id='word_1_225' title='bbox 1475 1727 1578 1769; x_wconf 86' lang='lat' dir='ltr'>viris</span> <span class='ocrx_word' id='word_1_226' title='bbox 1609 1728 1769 1782; x_wconf 86' lang='lat' dir='ltr'>prima-</span> 
     </span>
     <span class='ocr_line' id='line_1_25' title="bbox 158 1792 1769 1849; baseline -0.002 -14"><span class='ocrx_word' id='word_1_227' title='bbox 158 1795 233 1836; x_wconf 86' lang='lat' dir='ltr'>riis</span> <span class='ocrx_word' id='word_1_228' title='bbox 253 1795 431 1835; x_wconf 87' lang='lat' dir='ltr'>testibus</span> <span class='ocrx_word' id='word_1_229' title='bbox 452 1794 770 1849; x_wconf 88' lang='lat' dir='ltr'>multorumque</span> <span class='ocrx_word' id='word_1_230' title='bbox 791 1793 948 1834; x_wconf 90' lang='lat' dir='ltr'>tabulis</span> <span class='ocrx_word' id='word_1_231' title='bbox 980 1793 1100 1834; x_wconf 86' lang='lat' dir='ltr'>vobis</span> <span class='ocrx_word' id='word_1_232' title='bbox 1132 1793 1273 1848; x_wconf 87' lang='lat' dir='ltr'>priore</span> <span class='ocrx_word' id='word_1_233' title='bbox 1307 1794 1471 1834; x_wconf 81' lang='lat' dir='ltr'>actione</span> <span class='ocrx_word' id='word_1_234' title='bbox 1505 1792 1769 1833; x_wconf 79' lang='lat' dir='ltr'>satisfactum</span> 
     </span>
     <span class='ocr_line' id='line_1_26' title="bbox 160 1857 1770 1913; baseline -0.002 -12"><span class='ocrx_word' id='word_1_235' title='bbox 160 1865 235 1910; x_wconf 87' lang='lat' dir='ltr'>cst,</span> <span class='ocrx_word' id='word_1_236' title='bbox 259 1859 335 1900; x_wconf 79' lang='lat' dir='ltr'>HS</span> <span class='ocrx_word' id='word_1_237' title='bbox 356 1859 492 1900; x_wconf 88' lang='lat' dir='ltr'>decies</span> <span class='ocrx_word' id='word_1_238' title='bbox 513 1864 785 1900; x_wconf 90' lang='lat' dir='ltr'>numeratum</span> <span class='ocrx_word' id='word_1_239' title='bbox 806 1873 893 1899; x_wconf 89' lang='lat' dir='ltr'>esse</span> <span class='ocrx_word' id='word_1_240' title='bbox 913 1862 962 1899; x_wconf 92' lang='lat' dir='ltr'>ut</span> <span class='ocrx_word' id='word_1_241' title='bbox 983 1873 1077 1899; x_wconf 87' lang='lat' dir='ltr'>eam</span> <span class='ocrx_word' id='word_1_242' title='bbox 1098 1873 1267 1899; x_wconf 85' lang='lat' dir='ltr'>causam</span> <span class='ocrx_word' id='word_1_243' title='bbox 1288 1858 1333 1898; x_wconf 86' lang='lat' dir='ltr'>in</span> <span class='ocrx_word' id='word_1_244' title='bbox 1355 1874 1439 1913; x_wconf 89' lang='lat' dir='ltr'>qua</span> <span class='ocrx_word' id='word_1_245' title='bbox 1454 1873 1507 1898; x_wconf 91' lang='lat' dir='ltr'>ne</span> <span class='ocrx_word' id='word_1_246' title='bbox 1523 1857 1770 1898; x_wconf 85' lang='lat' dir='ltr'>tenuissima</span> 
     </span>
    </p>
   </div>
   <div class='ocr_carea' id='block_1_3' title="bbox 160 1962 1773 2951">
    <p class='ocr_par' dir='ltr' id='par_1_3' title="bbox 160 1962 1773 2951">
     <span class='ocr_line' id='line_1_27' title="bbox 203 1962 1769 2006; baseline -0.002 -10"><span class='ocrx_word' id='word_1_247' title='bbox 203 1965 308 2006; x_wconf 76' lang='lat' dir='ltr'>sorte]</span> <span class='ocrx_word' id='word_1_248' title='bbox 355 1965 424 1995; x_wconf 86' lang='lat' dir='ltr'>The</span> <span class='ocrx_word' id='word_1_249' title='bbox 440 1966 588 2005; x_wconf 83' lang='lat' dir='ltr'>praetors</span> <span class='ocrx_word' id='word_1_250' title='bbox 613 1963 817 1994; x_wconf 82' lang='lat' dir='ltr'>dctermincd</span> <span class='ocrx_word' id='word_1_251' title='bbox 832 1963 873 2004; x_wconf 86' lang='lat' dir='ltr'>hy</span> <span class='ocrx_word' id='word_1_252' title='bbox 891 1963 939 1994; x_wconf 80' lang='lat' dir='ltr'>lot</span> <span class='ocrx_word' id='word_1_253' title='bbox 1031 1962 1168 2004; x_wconf 54' lang='lat' dir='ltr'>mmm]</span> <span class='ocrx_word' id='word_1_254' title='bbox 1211 1963 1360 2003; x_wconf 77' lang='lat' dir='ltr'>‘attigit,</span> <span class='ocrx_word' id='word_1_255' title='bbox 1398 1963 1457 2003; x_wconf 80' lang='lat' dir='ltr'>Lg.</span> <span class='ocrx_word' id='word_1_256' title='bbox 1492 1964 1534 1992; x_wconf 78' lang='lat'>42</span> <span class='ocrx_word' id='word_1_257' title='bbox 1572 1974 1603 2003; x_wconf 87' lang='lat' dir='ltr'>p.</span> <span class='ocrx_word' id='word_1_258' title='bbox 1641 1973 1684 1993; x_wconf 90' lang='grc'>111.</span> <span class='ocrx_word' id='word_1_259' title='bbox 1723 1969 1757 2002; x_wconf 85' lang='grc' dir='ltr'>φ.</span> <span class='ocrx_word' id='word_1_260' title='bbox 1761 1963 1769 1976; x_wconf 83' lang='grc'><em>’</em></span> 
     </span>
     <span class='ocr_line' id='line_1_28' title="bbox 160 2006 1115 2049; baseline -0.005 -9"><span class='ocrx_word' id='word_1_261' title='bbox 160 2010 251 2040; x_wconf 83' lang='lat' dir='ltr'>what</span> <span class='ocrx_word' id='word_1_262' title='bbox 267 2020 345 2049; x_wconf 84' lang='lat' dir='ltr'>prov</span> <span class='ocrx_word' id='word_1_263' title='bbox 349 2009 435 2039; x_wconf 75' lang='lat' dir='ltr'>iaces</span> <span class='ocrx_word' id='word_1_264' title='bbox 448 2008 526 2048; x_wconf 84' lang='lat' dir='ltr'>they</span> <span class='ocrx_word' id='word_1_265' title='bbox 540 2007 656 2038; x_wconf 83' lang='lat' dir='ltr'>should</span> <span class='ocrx_word' id='word_1_266' title='bbox 668 2007 697 2037; x_wconf 91' lang='lat' dir='ltr'>h·</span> <span class='ocrx_word' id='word_1_267' title='bbox 692 2018 731 2037; x_wconf 76' lang='grc' dir='ltr'>ἰν</span> <span class='ocrx_word' id='word_1_268' title='bbox 734 2018 750 2037; x_wconf 84' lang='lat' dir='ltr'>e</span> <span class='ocrx_word' id='word_1_269' title='bbox 761 2007 846 2037; x_wconf 78' lang='lat' dir='ltr'>after</span> <span class='ocrx_word' id='word_1_270' title='bbox 859 2006 938 2047; x_wconf 69' lang='lat' dir='ltr'>they</span> <span class='ocrx_word' id='word_1_271' title='bbox 985 2006 1039 2037; x_wconf 80' lang='lat'>101·</span> <span class='ocrx_word' id='word_1_272' title='bbox 1041 2007 1070 2036; x_wconf 81' lang='lat' dir='ltr'>d·</span> <span class='ocrx_word' id='word_1_273' title='bbox 1072 2017 1115 2036; x_wconf 89' lang='grc' dir='ltr'>ιιι.</span> 
     </span>
     <span class='ocr_line' id='line_1_29' title="bbox 161 2048 1773 2092; baseline -0.002 -9"><span class='ocrx_word' id='word_1_274' title='bbox 161 2053 227 2084; x_wconf 85' lang='lat' dir='ltr'>had</span> <span class='ocrx_word' id='word_1_275' title='bbox 242 2051 531 2091; x_wconf 62' lang='lat' dir='ltr'>dischug„e&lt;ltl1‹ir</span> <span class='ocrx_word' id='word_1_276' title='bbox 544 2061 622 2092; x_wconf 74' lang='lat' dir='ltr'>yeal</span> <span class='ocrx_word' id='word_1_277' title='bbox 631 2051 669 2081; x_wconf 83' lang='lat' dir='ltr'>of</span> <span class='ocrx_word' id='word_1_278' title='bbox 680 2051 769 2080; x_wconf 83' lang='lat' dir='ltr'>office</span> <span class='ocrx_word' id='word_1_279' title='bbox 780 2053 814 2080; x_wconf 82' lang='lat' dir='ltr'>at</span> <span class='ocrx_word' id='word_1_280' title='bbox 828 2050 938 2085; x_wconf 84' lang='lat' dir='ltr'>Rome,</span> <span class='ocrx_word' id='word_1_281' title='bbox 1031 2048 1211 2089; x_wconf 70' lang='lat' dir='ltr'>Ilalesam]</span> <span class='ocrx_word' id='word_1_282' title='bbox 1238 2050 1265 2079; x_wconf 76' lang='lat' dir='ltr'>A</span> <span class='ocrx_word' id='word_1_283' title='bbox 1286 2052 1373 2080; x_wconf 68' lang='lat' dir='ltr'>toan</span> <span class='ocrx_word' id='word_1_284' title='bbox 1390 2059 1430 2078; x_wconf 89' lang='lat' dir='ltr'>ou</span> <span class='ocrx_word' id='word_1_285' title='bbox 1448 2049 1504 2079; x_wconf 78' lang='lat' dir='ltr'>the</span> <span class='ocrx_word' id='word_1_286' title='bbox 1517 2049 1617 2079; x_wconf 78' lang='lat' dir='ltr'>north</span> <span class='ocrx_word' id='word_1_287' title='bbox 1637 2059 1708 2079; x_wconf 54' lang='lat' dir='ltr'>comi</span> <span class='ocrx_word' id='word_1_288' title='bbox 1711 2050 1773 2079; x_wconf 82' lang='lat' dir='ltr'>tof</span> 
     </span>
     <span class='ocr_line' id='line_1_30' title="bbox 168 2073 1768 2148; baseline -0.004 -22"><span class='ocrx_word' id='word_1_289' title='bbox 168 2107 201 2127; x_wconf 85' lang='lat' dir='ltr'>as</span> <span class='ocrx_word' id='word_1_290' title='bbox 222 2106 270 2126; x_wconf 80' lang='lat' dir='ltr'>we</span> <span class='ocrx_word' id='word_1_291' title='bbox 293 2105 344 2126; x_wconf 88' lang='lat' dir='ltr'>sce</span> <span class='ocrx_word' id='word_1_292' title='bbox 368 2096 449 2125; x_wconf 79' lang='lat' dir='ltr'>from</span> <span class='ocrx_word' id='word_1_293' title='bbox 474 2094 531 2124; x_wconf 83' lang='lat' dir='ltr'>the</span> <span class='ocrx_word' id='word_1_294' title='bbox 556 2094 615 2134; x_wconf 84' lang='lat' dir='ltr'>Ep.</span> <span class='ocrx_word' id='word_1_295' title='bbox 640 2093 681 2124; x_wconf 84' lang='lat' dir='ltr'>ad</span> <span class='ocrx_word' id='word_1_296' title='bbox 704 2093 807 2123; x_wconf 70' lang='lat' dir='ltr'>Attio.</span> <span class='ocrx_word' id='word_1_297' title='bbox 826 2093 860 2133; x_wconf 88' lang='lat' dir='ltr'>(i.</span> <span class='ocrx_word' id='word_1_298' title='bbox 870 2073 945 2148; x_wconf 50' lang='lat'>”‚13)</span> <span class='ocrx_word' id='word_1_299' title='bbox 992 2093 1102 2133; x_wconf 61' lang='lat' dir='ltr'>sicil),</span> <span class='ocrx_word' id='word_1_300' title='bbox 1125 2103 1202 2122; x_wconf 77' lang='grc' dir='ltr'>11(·1ι·</span> <span class='ocrx_word' id='word_1_301' title='bbox 1226 2092 1282 2122; x_wconf 80' lang='lat' dir='ltr'>the</span> <span class='ocrx_word' id='word_1_302' title='bbox 1308 2093 1394 2122; x_wconf 69' lang='lat' dir='ltr'>rixer</span> <span class='ocrx_word' id='word_1_303' title='bbox 1421 2092 1558 2122; x_wconf 76' lang='lat' dir='ltr'>Halesus</span> <span class='ocrx_word' id='word_1_304' title='bbox 1576 2092 1768 2132; x_wconf 70' lang='lat' dir='ltr'>(l&#39;ettineo),</span> 
     </span>
     <span class='ocr_line' id='line_1_31' title="bbox 167 2135 1770 2178; baseline -0.002 -8"><span class='ocrx_word' id='word_1_305' title='bbox 167 2139 233 2170; x_wconf 81' lang='lat' dir='ltr'>and</span> <span class='ocrx_word' id='word_1_306' title='bbox 248 2139 343 2170; x_wconf 86' lang='lat' dir='ltr'>other</span> <span class='ocrx_word' id='word_1_307' title='bbox 358 2148 518 2178; x_wconf 73' lang='lat' dir='ltr'>passages.</span> <span class='ocrx_word' id='word_1_308' title='bbox 550 2138 594 2167; x_wconf 76' lang='lat' dir='ltr'>As</span> <span class='ocrx_word' id='word_1_309' title='bbox 611 2140 671 2167; x_wconf 86' lang='lat' dir='ltr'>to‘</span> <span class='ocrx_word' id='word_1_310' title='bbox 683 2137 724 2167; x_wconf 85' lang='lat' dir='ltr'>ad</span> <span class='ocrx_word' id='word_1_311' title='bbox 741 2136 877 2172; x_wconf 56' lang='lat' dir='ltr'>urbemss</span> <span class='ocrx_word' id='word_1_312' title='bbox 894 2147 945 2166; x_wconf 84' lang='lat' dir='ltr'>sec</span> <span class='ocrx_word' id='word_1_313' title='bbox 990 2146 1031 2166; x_wconf 91' lang='lat' dir='ltr'>on</span> <span class='ocrx_word' id='word_1_314' title='bbox 1054 2146 1072 2166; x_wconf 89' lang='lat' dir='ltr'>a</span> <span class='ocrx_word' id='word_1_315' title='bbox 1089 2136 1145 2165; x_wconf 94' lang='lat' dir='ltr'>hill</span> <span class='ocrx_word' id='word_1_316' title='bbox 1164 2136 1263 2165; x_wconf 83' lang='lat' dir='ltr'>about</span> <span class='ocrx_word' id='word_1_317' title='bbox 1280 2146 1296 2165; x_wconf 87' lang='lat' dir='ltr'>a</span> <span class='ocrx_word' id='word_1_318' title='bbox 1315 2135 1390 2165; x_wconf 86' lang='lat' dir='ltr'>mile</span> <span class='ocrx_word' id='word_1_319' title='bbox 1404 2136 1486 2164; x_wconf 73' lang='lat' dir='ltr'>hom</span> <span class='ocrx_word' id='word_1_320' title='bbox 1511 2135 1567 2165; x_wconf 83' lang='lat' dir='ltr'>the</span> <span class='ocrx_word' id='word_1_321' title='bbox 1590 2139 1689 2166; x_wconf 70' lang='lat' dir='ltr'>coast.</span> <span class='ocrx_word' id='word_1_322' title='bbox 1735 2136 1770 2166; x_wconf 90' lang='lat' dir='ltr'>lt</span> 
     </span>
     <span class='ocr_line' id='line_1_32' title="bbox 165 2178 1630 2217; baseline -0.003 -4"><span class='ocrx_word' id='word_1_323' title='bbox 165 2184 240 2213; x_wconf 88' lang='lat' dir='ltr'>Act.</span> <span class='ocrx_word' id='word_1_324' title='bbox 268 2182 289 2212; x_wconf 89' lang='lat' dir='ltr'>i.</span> <span class='ocrx_word' id='word_1_325' title='bbox 317 2193 345 2212; x_wconf 83' lang='lat' dir='ltr'>c.</span> <span class='ocrx_word' id='word_1_326' title='bbox 371 2183 421 2212; x_wconf 87' lang='lat'>15.</span> <span class='ocrx_word' id='word_1_327' title='bbox 468 2180 538 2210; x_wconf 77' lang='lat' dir='ltr'>‘Ad</span> <span class='ocrx_word' id='word_1_328' title='bbox 564 2180 697 2210; x_wconf 75' lang='lat' dir='ltr'>uibem&#39;</span> <span class='ocrx_word' id='word_1_329' title='bbox 724 2180 751 2210; x_wconf 83' lang='lat' dir='ltr'>is</span> <span class='ocrx_word' id='word_1_330' title='bbox 776 2179 944 2209; x_wconf 72' lang='lat' dir='ltr'>Asconius’</span> <span class='ocrx_word' id='word_1_331' title='bbox 990 2179 1016 2209; x_wconf 85' lang='lat' dir='ltr'>is</span> <span class='ocrx_word' id='word_1_332' title='bbox 1032 2179 1220 2209; x_wconf 77' lang='lat' dir='ltr'>mentioned</span> <span class='ocrx_word' id='word_1_333' title='bbox 1236 2179 1331 2217; x_wconf 72' lang='lat' dir='ltr'>again</span> <span class='ocrx_word' id='word_1_334' title='bbox 1349 2179 1380 2208; x_wconf 92' lang='lat' dir='ltr'>in</span> <span class='ocrx_word' id='word_1_335' title='bbox 1400 2178 1470 2208; x_wconf 84' lang='lat' dir='ltr'>Lib.</span> <span class='ocrx_word' id='word_1_336' title='bbox 1487 2180 1517 2208; x_wconf 90' lang='lat'>3.</span> <span class='ocrx_word' id='word_1_337' title='bbox 1534 2189 1561 2208; x_wconf 87' lang='lat' dir='ltr'>c.</span> <span class='ocrx_word' id='word_1_338' title='bbox 1578 2179 1630 2210; x_wconf 82' lang='lat'>73.</span> 
     </span>
     <span class='ocr_line' id='line_1_33' title="bbox 163 2221 1770 2265; baseline -0.002 -9"><span class='ocrx_word' id='word_1_339' title='bbox 163 2226 318 2265; x_wconf 83' lang='lat' dir='ltr'>reading,</span> <span class='ocrx_word' id='word_1_340' title='bbox 311 2237 318 2244; x_wconf 92' lang='lat'><strong>·</strong></span> <span class='ocrx_word' id='word_1_341' title='bbox 342 2225 385 2255; x_wconf 76' lang='grc'>’111</span> <span class='ocrx_word' id='word_1_342' title='bbox 401 2224 458 2254; x_wconf 88' lang='lat' dir='ltr'>the</span> <span class='ocrx_word' id='word_1_343' title='bbox 475 2224 570 2254; x_wconf 75' lang='lat' dir='ltr'>MSS.</span> <span class='ocrx_word' id='word_1_344' title='bbox 587 2223 669 2254; x_wconf 65' lang='lat' dir='ltr'>have</span> <span class='ocrx_word' id='word_1_345' title='bbox 687 2226 695 2240; x_wconf 92' lang='lat'>‘</span> <span class='ocrx_word' id='word_1_346' title='bbox 706 2223 746 2253; x_wconf 88' lang='lat' dir='ltr'>ah</span> <span class='ocrx_word' id='word_1_347' title='bbox 763 2222 866 2252; x_wconf 64' lang='lat' dir='ltr'>urbe!</span> <span class='ocrx_word' id='word_1_348' title='bbox 1035 2222 1114 2251; x_wconf 66' lang='lat' dir='ltr'>eii-is</span> <span class='ocrx_word' id='word_1_349' title='bbox 1139 2221 1323 2262; x_wconf 71' lang='lat' dir='ltr'>Romanus]</span> <span class='ocrx_word' id='word_1_350' title='bbox 1371 2221 1438 2251; x_wconf 86' lang='lat' dir='ltr'>&#39;l&#39;he</span> <span class='ocrx_word' id='word_1_351' title='bbox 1465 2221 1590 2251; x_wconf 80' lang='lat' dir='ltr'>Roman</span> <span class='ocrx_word' id='word_1_352' title='bbox 1615 2226 1622 2238; x_wconf 92' lang='lat'>‘</span> <span class='ocrx_word' id='word_1_353' title='bbox 1634 2222 1750 2253; x_wconf 79' lang='lat' dir='ltr'>civitas</span> <span class='ocrx_word' id='word_1_354' title='bbox 1761 2222 1770 2235; x_wconf 95' lang='lat'><em>&#39;</em></span> 
     </span>
     <span class='ocr_line' id='line_1_34' title="bbox 208 2264 1769 2316; baseline -0.003 -17"><span class='ocrx_word' id='word_1_355' title='bbox 208 2269 351 2299; x_wconf 76' lang='lat' dir='ltr'>Nolebat</span> <span class='ocrx_word' id='word_1_356' title='bbox 382 2268 416 2297; x_wconf 77' lang='lat' dir='ltr'>in</span> <span class='ocrx_word' id='word_1_357' title='bbox 448 2267 572 2316; x_wconf 72' lang='lat' dir='ltr'>aqendo</span> <span class='ocrx_word' id='word_1_358' title='bbox 606 2265 679 2307; x_wconf 57' lang='lat' dir='ltr'>ist]</span> <span class='ocrx_word' id='word_1_359' title='bbox 742 2266 811 2296; x_wconf 86' lang='lat' dir='ltr'>The</span> <span class='ocrx_word' id='word_1_360' title='bbox 843 2265 945 2295; x_wconf 83' lang='lat' dir='ltr'>whole</span> <span class='ocrx_word' id='word_1_361' title='bbox 991 2276 1056 2295; x_wconf 75' lang='lat' dir='ltr'>was</span> <span class='ocrx_word' id='word_1_362' title='bbox 1079 2265 1264 2295; x_wconf 74' lang='lat' dir='ltr'>sometimes</span> <span class='ocrx_word' id='word_1_363' title='bbox 1287 2264 1456 2295; x_wconf 79' lang='lat' dir='ltr'>eouserred</span> <span class='ocrx_word' id='word_1_364' title='bbox 1479 2265 1520 2305; x_wconf 68' lang='lat' dir='ltr'>by</span> <span class='ocrx_word' id='word_1_365' title='bbox 1545 2275 1563 2294; x_wconf 84' lang='lat' dir='ltr'>a</span> <span class='ocrx_word' id='word_1_366' title='bbox 1587 2276 1769 2304; x_wconf 76' lang='lat' dir='ltr'>governor;</span> 
     </span>
     <span class='ocr_line' id='line_1_35' title="bbox 166 2307 1770 2352; baseline -0.002 -10"><span class='ocrx_word' id='word_1_367' title='bbox 166 2322 299 2352; x_wconf 79' lang='lat' dir='ltr'>passage</span> <span class='ocrx_word' id='word_1_368' title='bbox 315 2311 427 2342; x_wconf 83' lang='lat' dir='ltr'>stands</span> <span class='ocrx_word' id='word_1_369' title='bbox 451 2311 529 2341; x_wconf 87' lang='lat' dir='ltr'>thus</span> <span class='ocrx_word' id='word_1_370' title='bbox 552 2310 585 2339; x_wconf 90' lang='lat' dir='ltr'>in</span> <span class='ocrx_word' id='word_1_371' title='bbox 604 2309 714 2345; x_wconf 84' lang='lat' dir='ltr'>Klotz,</span> <span class='ocrx_word' id='word_1_372' title='bbox 735 2308 919 2338; x_wconf 82' lang='lat' dir='ltr'>‘Nolebat&#39;</span> <span class='ocrx_word' id='word_1_373' title='bbox 912 2319 946 2338; x_wconf 90' lang='lat' dir='ltr'>m</span> <span class='ocrx_word' id='word_1_374' title='bbox 991 2309 1052 2338; x_wconf 86' lang='lat' dir='ltr'>but</span> <span class='ocrx_word' id='word_1_375' title='bbox 1069 2308 1096 2338; x_wconf 82' lang='lat' dir='ltr'>it</span> <span class='ocrx_word' id='word_1_376' title='bbox 1113 2308 1188 2338; x_wconf 75' lang='lat' dir='ltr'>does</span> <span class='ocrx_word' id='word_1_377' title='bbox 1205 2311 1262 2338; x_wconf 72' lang='lat' dir='ltr'>not¹</span> <span class='ocrx_word' id='word_1_378' title='bbox 1281 2318 1399 2348; x_wconf 81' lang='lat' dir='ltr'>appear</span> <span class='ocrx_word' id='word_1_379' title='bbox 1424 2308 1498 2338; x_wconf 83' lang='lat' dir='ltr'>that</span> <span class='ocrx_word' id='word_1_380' title='bbox 1523 2307 1562 2338; x_wconf 90' lang='lat' dir='ltr'>he</span> <span class='ocrx_word' id='word_1_381' title='bbox 1579 2309 1673 2339; x_wconf 77' lang='lat' dir='ltr'>could</span> <span class='ocrx_word' id='word_1_382' title='bbox 1697 2309 1770 2348; x_wconf 71' lang='lat' dir='ltr'>give</span> 
     </span>
     <span class='ocr_line' id='line_1_36' title="bbox 166 2351 1770 2395; baseline -0.002 -9.983"><span class='ocrx_word' id='word_1_383' title='bbox 166 2355 292 2395; x_wconf 78' lang='lat' dir='ltr'>agendo</span> <span class='ocrx_word' id='word_1_384' title='bbox 302 2354 434 2390; x_wconf 82' lang='lat' dir='ltr'>discere,</span> <span class='ocrx_word' id='word_1_385' title='bbox 441 2353 573 2383; x_wconf 83' lang='lat' dir='ltr'>tametsi</span> <span class='ocrx_word' id='word_1_386' title='bbox 587 2363 650 2382; x_wconf 87' lang='lat' dir='ltr'>uon</span> <span class='ocrx_word' id='word_1_387' title='bbox 664 2352 848 2392; x_wconf 68' lang='lat' dir='ltr'>pr&#39;oximiac</span> <span class='ocrx_word' id='word_1_388' title='bbox 859 2351 949 2381; x_wconf 74' lang='lat' dir='ltr'>rudis</span> <span class='ocrx_word' id='word_1_389' title='bbox 993 2352 1050 2381; x_wconf 82' lang='lat' dir='ltr'>the</span> <span class='ocrx_word' id='word_1_390' title='bbox 1068 2355 1075 2368; x_wconf 89' lang='lat'>‘</span> <span class='ocrx_word' id='word_1_391' title='bbox 1087 2351 1225 2385; x_wconf 54' lang='lat' dir='ltr'>civitas:</span> <span class='ocrx_word' id='word_1_392' title='bbox 1243 2354 1357 2391; x_wconf 82' lang='lat' dir='ltr'>except</span> <span class='ocrx_word' id='word_1_393' title='bbox 1374 2351 1406 2381; x_wconf 91' lang='lat' dir='ltr'>in</span> <span class='ocrx_word' id='word_1_394' title='bbox 1423 2351 1617 2391; x_wconf 67' lang='lat' dir='ltr'>consonuit&gt;¹</span> <span class='ocrx_word' id='word_1_395' title='bbox 1632 2355 1667 2382; x_wconf 86' lang='lat' dir='ltr'>to</span> <span class='ocrx_word' id='word_1_396' title='bbox 1683 2363 1770 2382; x_wconf 79' lang='lat' dir='ltr'>some</span> 
     </span>
     <span class='ocr_line' id='line_1_37' title="bbox 168 2394 1770 2435; baseline -0.001 -7"><span class='ocrx_word' id='word_1_397' title='bbox 168 2400 240 2428; x_wconf 80' lang='lat' dir='ltr'>erat</span> <span class='ocrx_word' id='word_1_398' title='bbox 256 2400 290 2428; x_wconf 87' lang='lat' dir='ltr'>et</span> <span class='ocrx_word' id='word_1_399' title='bbox 306 2398 381 2434; x_wconf 78' lang='lat' dir='ltr'>ti1·‚0</span> <span class='ocrx_word' id='word_1_400' title='bbox 398 2397 454 2427; x_wconf 75' lang='lat' dir='ltr'>scd</span> <span class='ocrx_word' id='word_1_401' title='bbox 471 2396 568 2426; x_wconf 77' lang='lat' dir='ltr'>Sicili-</span> <span class='ocrx_word' id='word_1_402' title='bbox 563 2406 618 2426; x_wconf 69' lang='lat' dir='ltr'>xe:</span> <span class='ocrx_word' id='word_1_403' title='bbox 644 2405 701 2435; x_wconf 82' lang='lat' dir='ltr'>pu</span> <span class='ocrx_word' id='word_1_404' title='bbox 703 2397 778 2425; x_wconf 88' lang='lat' dir='ltr'>atus</span> <span class='ocrx_word' id='word_1_405' title='bbox 794 2395 835 2424; x_wconf 85' lang='lat' dir='ltr'>ad</span> <span class='ocrx_word' id='word_1_406' title='bbox 856 2405 947 2434; x_wconf 76' lang='lat' dir='ltr'>pr·—1u</span> <span class='ocrx_word' id='word_1_407' title='bbox 993 2405 1100 2434; x_wconf 80' lang='lat' dir='ltr'>power</span> <span class='ocrx_word' id='word_1_408' title='bbox 1111 2394 1217 2424; x_wconf 79' lang='lat' dir='ltr'>which</span> <span class='ocrx_word' id='word_1_409' title='bbox 1229 2405 1293 2424; x_wconf 80' lang='lat' dir='ltr'>was</span> <span class='ocrx_word' id='word_1_410' title='bbox 1310 2394 1478 2424; x_wconf 76' lang='lat' dir='ltr'>conserred</span> <span class='ocrx_word' id='word_1_411' title='bbox 1494 2404 1535 2424; x_wconf 93' lang='lat' dir='ltr'>on</span> <span class='ocrx_word' id='word_1_412' title='bbox 1552 2395 1618 2424; x_wconf 89' lang='lat' dir='ltr'>him</span> <span class='ocrx_word' id='word_1_413' title='bbox 1633 2396 1682 2425; x_wconf 72' lang='lat' dir='ltr'>for</span> <span class='ocrx_word' id='word_1_414' title='bbox 1695 2395 1770 2426; x_wconf 83' lang='lat' dir='ltr'>that</span> 
     </span>
     <span class='ocr_line' id='line_1_38' title="bbox 168 2437 1770 2478; baseline -0.002 -7"><span class='ocrx_word' id='word_1_415' title='bbox 168 2441 265 2477; x_wconf 83' lang='lat' dir='ltr'>(lam,&#39;</span> <span class='ocrx_word' id='word_1_416' title='bbox 283 2441 338 2471; x_wconf 72' lang='grc' dir='ltr'>διο.</span> <span class='ocrx_word' id='word_1_417' title='bbox 385 2440 419 2470; x_wconf 92' lang='lat' dir='ltr'><strong>M</strong></span> <span class='ocrx_word' id='word_1_418' title='bbox 445 2440 535 2469; x_wconf 79' lang='lat' dir='ltr'>has‘</span> <span class='ocrx_word' id='word_1_419' title='bbox 549 2439 603 2469; x_wconf 81' lang='lat' dir='ltr'>sed</span> <span class='ocrx_word' id='word_1_420' title='bbox 621 2438 781 2468; x_wconf 45' lang='lat' dir='ltr'>Sicilia&amp;</span> <span class='ocrx_word' id='word_1_421' title='bbox 761 2461 770 2473; x_wconf 86' lang='lat'><em>‚</em></span> <span class='ocrx_word' id='word_1_422' title='bbox 806 2438 869 2467; x_wconf 82' lang='lat' dir='ltr'>and</span> <span class='ocrx_word' id='word_1_423' title='bbox 888 2437 948 2476; x_wconf 72' lang='lat' dir='ltr'>Lg.</span> <span class='ocrx_word' id='word_1_424' title='bbox 993 2448 1141 2478; x_wconf 76' lang='lat' dir='ltr'>purpose.</span> <span class='ocrx_word' id='word_1_425' title='bbox 1180 2438 1238 2468; x_wconf 82' lang='lat' dir='ltr'>Cn.</span> <span class='ocrx_word' id='word_1_426' title='bbox 1258 2437 1428 2478; x_wconf 80' lang='lat' dir='ltr'>Pompeius</span> <span class='ocrx_word' id='word_1_427' title='bbox 1444 2448 1526 2476; x_wconf 73' lang='lat' dir='ltr'>gave</span> <span class='ocrx_word' id='word_1_428' title='bbox 1543 2437 1599 2468; x_wconf 79' lang='lat' dir='ltr'>the</span> <span class='ocrx_word' id='word_1_429' title='bbox 1616 2442 1623 2454; x_wconf 89' lang='lat'>‘</span> <span class='ocrx_word' id='word_1_430' title='bbox 1635 2439 1750 2468; x_wconf 74' lang='lat' dir='ltr'>civitas</span> <span class='ocrx_word' id='word_1_431' title='bbox 1762 2439 1770 2451; x_wconf 90' lang='lat'>’</span> 
     </span>
     <span class='ocr_line' id='line_1_39' title="bbox 167 2481 1770 2524; baseline -0.002 -10"><span class='ocrx_word' id='word_1_432' title='bbox 167 2486 209 2514; x_wconf 72' lang='lat'>42</span> <span class='ocrx_word' id='word_1_433' title='bbox 225 2495 256 2524; x_wconf 90' lang='lat' dir='ltr'>p.</span> <span class='ocrx_word' id='word_1_434' title='bbox 272 2495 315 2514; x_wconf 90' lang='grc'>111.</span> <span class='ocrx_word' id='word_1_435' title='bbox 331 2483 389 2513; x_wconf 83' lang='lat' dir='ltr'>has</span> <span class='ocrx_word' id='word_1_436' title='bbox 406 2487 414 2499; x_wconf 93' lang='lat'>‘</span> <span class='ocrx_word' id='word_1_437' title='bbox 425 2483 450 2513; x_wconf 82' lang='lat' dir='ltr'>si</span> <span class='ocrx_word' id='word_1_438' title='bbox 469 2481 618 2512; x_wconf 53' lang='lat' dir='ltr'>Siciliae?</span> <span class='ocrx_word' id='word_1_439' title='bbox 668 2481 787 2511; x_wconf 81' lang='lat' dir='ltr'>lordan</span> <span class='ocrx_word' id='word_1_440' title='bbox 800 2483 877 2520; x_wconf 80' lang='lat' dir='ltr'>puts</span> <span class='ocrx_word' id='word_1_441' title='bbox 893 2485 901 2496; x_wconf 80' lang='lat'>¹</span> <span class='ocrx_word' id='word_1_442' title='bbox 915 2481 948 2510; x_wconf 88' lang='lat' dir='ltr'>in</span> <span class='ocrx_word' id='word_1_443' title='bbox 993 2484 1027 2511; x_wconf 83' lang='lat' dir='ltr'>to</span> <span class='ocrx_word' id='word_1_444' title='bbox 1044 2481 1212 2511; x_wconf 74' lang='lat' dir='ltr'>Cornelius</span> <span class='ocrx_word' id='word_1_445' title='bbox 1230 2481 1360 2515; x_wconf 80' lang='lat' dir='ltr'>Balbus,</span> <span class='ocrx_word' id='word_1_446' title='bbox 1378 2484 1538 2521; x_wconf 75' lang='lat' dir='ltr'>pursuant</span> <span class='ocrx_word' id='word_1_447' title='bbox 1562 2484 1597 2511; x_wconf 76' lang='lat' dir='ltr'>to</span> <span class='ocrx_word' id='word_1_448' title='bbox 1618 2481 1674 2511; x_wconf 80' lang='lat' dir='ltr'>the</span> <span class='ocrx_word' id='word_1_449' title='bbox 1698 2492 1770 2521; x_wconf 75' lang='lat' dir='ltr'>pro-</span> 
     </span>
     <span class='ocr_line' id='line_1_40' title="bbox 168 2524 1770 2567; baseline -0.002 -10"><span class='ocrx_word' id='word_1_450' title='bbox 168 2527 309 2558; x_wconf 79' lang='lat' dir='ltr'>Siciliam</span> <span class='ocrx_word' id='word_1_451' title='bbox 322 2527 331 2539; x_wconf 93' lang='lat'><em>’</em></span> <span class='ocrx_word' id='word_1_452' title='bbox 347 2527 381 2556; x_wconf 90' lang='lat' dir='ltr'>in</span> <span class='ocrx_word' id='word_1_453' title='bbox 400 2526 415 2567; x_wconf 94' lang='lat'>[</span> <span class='ocrx_word' id='word_1_454' title='bbox 439 2525 466 2566; x_wconf 91' lang='lat'>].</span> <span class='ocrx_word' id='word_1_455' title='bbox 993 2524 1110 2553; x_wconf 77' lang='lat' dir='ltr'>visions</span> <span class='ocrx_word' id='word_1_456' title='bbox 1133 2525 1170 2554; x_wconf 86' lang='lat' dir='ltr'>of</span> <span class='ocrx_word' id='word_1_457' title='bbox 1188 2535 1207 2554; x_wconf 83' lang='lat' dir='ltr'>a</span> <span class='ocrx_word' id='word_1_458' title='bbox 1232 2524 1297 2554; x_wconf 81' lang='lat' dir='ltr'>Lex</span> <span class='ocrx_word' id='word_1_459' title='bbox 1320 2524 1398 2564; x_wconf 82' lang='lat' dir='ltr'>(l&#39;ro</span> <span class='ocrx_word' id='word_1_460' title='bbox 1417 2524 1527 2559; x_wconf 82' lang='lat' dir='ltr'>Balbo,</span> <span class='ocrx_word' id='word_1_461' title='bbox 1545 2534 1571 2553; x_wconf 81' lang='grc'>0.</span> <span class='ocrx_word' id='word_1_462' title='bbox 1591 2525 1656 2561; x_wconf 82' lang='grc'>13).</span> <span class='ocrx_word' id='word_1_463' title='bbox 1702 2525 1770 2554; x_wconf 65' lang='lat' dir='ltr'>&#39;rho</span> 
     </span>
     <span class='ocr_line' id='line_1_41' title="bbox 211 2566 1770 2609; baseline -0.002 -9"><span class='ocrx_word' id='word_1_464' title='bbox 211 2581 251 2600; x_wconf 74' lang='lat' dir='ltr'>ez·</span> <span class='ocrx_word' id='word_1_465' title='bbox 274 2570 401 2600; x_wconf 71' lang='lat' dir='ltr'>‘nomine</span> <span class='ocrx_word' id='word_1_466' title='bbox 427 2567 540 2609; x_wconf 59' lang='lat' dir='ltr'>istius]</span> <span class='ocrx_word' id='word_1_467' title='bbox 589 2567 665 2597; x_wconf 75' lang='lat' dir='ltr'>&#39;lhis</span> <span class='ocrx_word' id='word_1_468' title='bbox 689 2566 858 2597; x_wconf 81' lang='lat' dir='ltr'>miserahle</span> <span class='ocrx_word' id='word_1_469' title='bbox 880 2577 947 2606; x_wconf 89' lang='lat' dir='ltr'>pun</span> <span class='ocrx_word' id='word_1_470' title='bbox 993 2577 1107 2607; x_wconf 75' lang='lat' dir='ltr'>person</span> <span class='ocrx_word' id='word_1_471' title='bbox 1120 2577 1161 2597; x_wconf 79' lang='lat' dir='ltr'>on</span> <span class='ocrx_word' id='word_1_472' title='bbox 1175 2567 1279 2597; x_wconf 87' lang='lat' dir='ltr'>whom</span> <span class='ocrx_word' id='word_1_473' title='bbox 1293 2567 1350 2598; x_wconf 76' lang='lat' dir='ltr'>the</span> <span class='ocrx_word' id='word_1_474' title='bbox 1368 2567 1512 2597; x_wconf 74' lang='lat' dir='ltr'>‘civitas’</span> <span class='ocrx_word' id='word_1_475' title='bbox 1530 2577 1594 2597; x_wconf 77' lang='lat' dir='ltr'>was</span> <span class='ocrx_word' id='word_1_476' title='bbox 1607 2567 1683 2597; x_wconf 78' lang='lat' dir='ltr'>thus</span> <span class='ocrx_word' id='word_1_477' title='bbox 1695 2578 1770 2597; x_wconf 80' lang='lat' dir='ltr'>eou-</span> 
     </span>
     <span class='ocr_line' id='line_1_42' title="bbox 171 2609 1770 2653; baseline -0.001 -10"><span class='ocrx_word' id='word_1_478' title='bbox 171 2613 198 2643; x_wconf 85' lang='lat' dir='ltr'>is</span> <span class='ocrx_word' id='word_1_479' title='bbox 214 2612 383 2653; x_wconf 82' lang='lat' dir='ltr'>explained</span> <span class='ocrx_word' id='word_1_480' title='bbox 400 2612 442 2653; x_wconf 87' lang='lat' dir='ltr'>by</span> <span class='ocrx_word' id='word_1_481' title='bbox 459 2612 516 2642; x_wconf 85' lang='lat' dir='ltr'>the</span> <span class='ocrx_word' id='word_1_482' title='bbox 533 2613 611 2641; x_wconf 82' lang='lat' dir='ltr'>next</span> <span class='ocrx_word' id='word_1_483' title='bbox 628 2611 783 2650; x_wconf 83' lang='lat' dir='ltr'>chapter:</span> <span class='ocrx_word' id='word_1_484' title='bbox 819 2614 877 2639; x_wconf 81' lang='lat' dir='ltr'>‘ex</span> <span class='ocrx_word' id='word_1_485' title='bbox 894 2609 948 2639; x_wconf 84' lang='lat' dir='ltr'>illo</span> <span class='ocrx_word' id='word_1_486' title='bbox 992 2610 1098 2640; x_wconf 80' lang='lat' dir='ltr'>ferred</span> <span class='ocrx_word' id='word_1_487' title='bbox 1122 2610 1286 2651; x_wconf 72' lang='lat' dir='ltr'>generally</span> <span class='ocrx_word' id='word_1_488' title='bbox 1313 2621 1414 2640; x_wconf 82' lang='lat' dir='ltr'>seems</span> <span class='ocrx_word' id='word_1_489' title='bbox 1433 2614 1468 2640; x_wconf 87' lang='lat' dir='ltr'>to</span> <span class='ocrx_word' id='word_1_490' title='bbox 1492 2610 1573 2640; x_wconf 69' lang='lat' dir='ltr'>have</span> <span class='ocrx_word' id='word_1_491' title='bbox 1597 2610 1696 2640; x_wconf 84' lang='lat' dir='ltr'>taken</span> <span class='ocrx_word' id='word_1_492' title='bbox 1713 2611 1770 2641; x_wconf 86' lang='lat' dir='ltr'>the</span> 
     </span>
     <span class='ocr_line' id='line_1_43' title="bbox 168 2653 1770 2693; baseline -0.001 -7"><span class='ocrx_word' id='word_1_493' title='bbox 168 2656 274 2686; x_wconf 85' lang='lat' dir='ltr'>omine</span> <span class='ocrx_word' id='word_1_494' title='bbox 300 2655 425 2686; x_wconf 84' lang='lat' dir='ltr'>urbano</span> <span class='ocrx_word' id='word_1_495' title='bbox 449 2655 490 2685; x_wconf 83' lang='lat' dir='ltr'>ad</span> <span class='ocrx_word' id='word_1_496' title='bbox 514 2654 723 2685; x_wconf 80' lang='lat' dir='ltr'>everrendam</span> <span class='ocrx_word' id='word_1_497' title='bbox 748 2652 947 2692; x_wconf 79' lang='lat' dir='ltr'>prmincimu</span> <span class='ocrx_word' id='word_1_498' title='bbox 992 2653 1115 2693; x_wconf 77' lang='lat' dir='ltr'>gentile</span> <span class='ocrx_word' id='word_1_499' title='bbox 1142 2663 1236 2684; x_wconf 84' lang='lat' dir='ltr'>name</span> <span class='ocrx_word' id='word_1_500' title='bbox 1263 2654 1300 2683; x_wconf 83' lang='lat' dir='ltr'>of</span> <span class='ocrx_word' id='word_1_501' title='bbox 1323 2653 1373 2683; x_wconf 78' lang='lat' dir='ltr'>his</span> <span class='ocrx_word' id='word_1_502' title='bbox 1396 2657 1524 2693; x_wconf 82' lang='lat' dir='ltr'>patron,</span> <span class='ocrx_word' id='word_1_503' title='bbox 1551 2653 1580 2682; x_wconf 78' lang='lat' dir='ltr'>it·</span> <span class='ocrx_word' id='word_1_504' title='bbox 1598 2653 1638 2683; x_wconf 87' lang='lat' dir='ltr'>he</span> <span class='ocrx_word' id='word_1_505' title='bbox 1664 2664 1728 2683; x_wconf 81' lang='lat' dir='ltr'>was</span> <span class='ocrx_word' id='word_1_506' title='bbox 1751 2665 1770 2684; x_wconf 79' lang='lat' dir='ltr'>a</span> 
     </span>
     <span class='ocr_line' id='line_1_44' title="bbox 169 2696 1771 2735; baseline -0.001 -6"><span class='ocrx_word' id='word_1_507' title='bbox 169 2699 330 2735; x_wconf 82' lang='lat' dir='ltr'>vene1·&#39;it,’</span> <span class='ocrx_word' id='word_1_508' title='bbox 348 2698 454 2728; x_wconf 74' lang='lat' dir='ltr'>whole</span> <span class='ocrx_word' id='word_1_509' title='bbox 476 2698 532 2728; x_wconf 81' lang='lat' dir='ltr'>the</span> <span class='ocrx_word' id='word_1_510' title='bbox 551 2700 626 2727; x_wconf 76' lang='lat' dir='ltr'>tiue</span> <span class='ocrx_word' id='word_1_511' title='bbox 643 2696 802 2735; x_wconf 70' lang='lat' dir='ltr'>reading·</span> <span class='ocrx_word' id='word_1_512' title='bbox 795 2700 846 2725; x_wconf 68' lang='grc' dir='ltr'>ιε*</span> <span class='ocrx_word' id='word_1_513' title='bbox 858 2706 947 2726; x_wconf 70' lang='lat' dir='ltr'>exer·</span> <span class='ocrx_word' id='word_1_514' title='bbox 993 2696 1119 2732; x_wconf 77' lang='lat' dir='ltr'>G1·eek;</span> <span class='ocrx_word' id='word_1_515' title='bbox 1151 2696 1228 2727; x_wconf 77' lang='lat' dir='ltr'>thus</span> <span class='ocrx_word' id='word_1_516' title='bbox 1261 2696 1321 2726; x_wconf 83' lang='lat' dir='ltr'>Dio</span> <span class='ocrx_word' id='word_1_517' title='bbox 1352 2697 1378 2726; x_wconf 76' lang='lat' dir='ltr'>is</span> <span class='ocrx_word' id='word_1_518' title='bbox 1410 2696 1512 2726; x_wconf 78' lang='lat' dir='ltr'>called</span> <span class='ocrx_word' id='word_1_519' title='bbox 1543 2696 1575 2725; x_wconf 90' lang='lat' dir='ltr'>iu</span> <span class='ocrx_word' id='word_1_520' title='bbox 1608 2696 1664 2726; x_wconf 83' lang='lat' dir='ltr'>the</span> <span class='ocrx_word' id='word_1_521' title='bbox 1692 2701 1771 2727; x_wconf 85' lang='lat' dir='ltr'>next</span> 
     </span>
     <span class='ocr_line' id='line_1_45' title="bbox 169 2738 1770 2781; baseline -0.001 -9"><span class='ocrx_word' id='word_1_522' title='bbox 169 2741 327 2777; x_wconf 78' lang='lat' dir='ltr'>rcnclam‚&#39;</span> <span class='ocrx_word' id='word_1_523' title='bbox 351 2741 478 2781; x_wconf 83' lang='lat' dir='ltr'>though</span> <span class='ocrx_word' id='word_1_524' title='bbox 502 2742 587 2770; x_wconf 82' lang='lat' dir='ltr'>most</span> <span class='ocrx_word' id='word_1_525' title='bbox 611 2740 646 2769; x_wconf 79' lang='lat' dir='ltr'>of</span> <span class='ocrx_word' id='word_1_526' title='bbox 667 2739 723 2769; x_wconf 84' lang='lat' dir='ltr'>the</span> <span class='ocrx_word' id='word_1_527' title='bbox 747 2739 843 2768; x_wconf 75' lang='lat' dir='ltr'><strong>MSS.</strong></span> <span class='ocrx_word' id='word_1_528' title='bbox 867 2738 948 2769; x_wconf 76' lang='lat' dir='ltr'>hme</span> <span class='ocrx_word' id='word_1_529' title='bbox 993 2739 1128 2779; x_wconf 78' lang='lat' dir='ltr'>chapter</span> <span class='ocrx_word' id='word_1_530' title='bbox 1160 2741 1199 2776; x_wconf 79' lang='lat' dir='ltr'>Q.</span> <span class='ocrx_word' id='word_1_531' title='bbox 1228 2739 1386 2770; x_wconf 71' lang='lat' dir='ltr'>Caecilius</span> <span class='ocrx_word' id='word_1_532' title='bbox 1415 2739 1485 2768; x_wconf 86' lang='lat' dir='ltr'>Dio.</span> <span class='ocrx_word' id='word_1_533' title='bbox 1543 2739 1617 2768; x_wconf 78' lang='lat' dir='ltr'>And</span> <span class='ocrx_word' id='word_1_534' title='bbox 1647 2750 1665 2769; x_wconf 87' lang='lat' dir='ltr'>a</span> <span class='ocrx_word' id='word_1_535' title='bbox 1697 2742 1770 2770; x_wconf 71' lang='lat' dir='ltr'>Sex.</span> 
     </span>
     <span class='ocr_line' id='line_1_46' title="bbox 170 2782 1770 2823; baseline -0.003 -8"><span class='ocrx_word' id='word_1_536' title='bbox 170 2789 178 2802; x_wconf 89' lang='lat'>‘</span> <span class='ocrx_word' id='word_1_537' title='bbox 190 2784 422 2815; x_wconf 61' lang='lat' dir='ltr'>evertendam!</span> <span class='ocrx_word' id='word_1_538' title='bbox 450 2785 494 2814; x_wconf 84' lang='lat' dir='ltr'>As</span> <span class='ocrx_word' id='word_1_539' title='bbox 507 2786 542 2814; x_wconf 89' lang='lat' dir='ltr'>to</span> <span class='ocrx_word' id='word_1_540' title='bbox 554 2782 611 2813; x_wconf 79' lang='lat' dir='ltr'>the</span> <span class='ocrx_word' id='word_1_541' title='bbox 621 2793 715 2813; x_wconf 80' lang='lat' dir='ltr'>omen</span> <span class='ocrx_word' id='word_1_542' title='bbox 728 2782 810 2812; x_wconf 81' lang='lat' dir='ltr'>from</span> <span class='ocrx_word' id='word_1_543' title='bbox 827 2792 947 2819; x_wconf 59' lang='lat' dir='ltr'>name-³¹,</span> <span class='ocrx_word' id='word_1_544' title='bbox 994 2782 1165 2823; x_wconf 79' lang='lat' dir='ltr'>Pompeius</span> <span class='ocrx_word' id='word_1_545' title='bbox 1185 2782 1322 2812; x_wconf 69' lang='lat' dir='ltr'>Chlorus</span> <span class='ocrx_word' id='word_1_546' title='bbox 1338 2783 1364 2812; x_wconf 73' lang='lat' dir='ltr'>is</span> <span class='ocrx_word' id='word_1_547' title='bbox 1380 2782 1567 2812; x_wconf 77' lang='lat' dir='ltr'>mentioned</span> <span class='ocrx_word' id='word_1_548' title='bbox 1585 2782 1687 2816; x_wconf 77' lang='lat' dir='ltr'>there.</span> <span class='ocrx_word' id='word_1_549' title='bbox 1705 2783 1770 2812; x_wconf 71' lang='lat' dir='ltr'>also</span> 
     </span>
     <span class='ocr_line' id='line_1_47' title="bbox 169 2824 1770 2868; baseline -0.001 -11"><span class='ocrx_word' id='word_1_550' title='bbox 169 2838 221 2858; x_wconf 88' lang='lat' dir='ltr'>see</span> <span class='ocrx_word' id='word_1_551' title='bbox 238 2827 332 2868; x_wconf 78' lang='lat' dir='ltr'>Livy,</span> <span class='ocrx_word' id='word_1_552' title='bbox 349 2827 458 2857; x_wconf 88' lang='lat' dir='ltr'>xxviii.</span> <span class='ocrx_word' id='word_1_553' title='bbox 475 2828 527 2857; x_wconf 74' lang='lat'>28.</span> <span class='ocrx_word' id='word_1_554' title='bbox 992 2836 1011 2856; x_wconf 84' lang='lat' dir='ltr'>a</span> <span class='ocrx_word' id='word_1_555' title='bbox 1036 2825 1153 2861; x_wconf 80' lang='lat' dir='ltr'>Greek,</span> <span class='ocrx_word' id='word_1_556' title='bbox 1179 2825 1251 2855; x_wconf 81' lang='lat' dir='ltr'>who</span> <span class='ocrx_word' id='word_1_557' title='bbox 1278 2825 1342 2855; x_wconf 78' lang='lat' dir='ltr'>had</span> <span class='ocrx_word' id='word_1_558' title='bbox 1368 2825 1448 2855; x_wconf 84' lang='lat' dir='ltr'>been</span> <span class='ocrx_word' id='word_1_559' title='bbox 1480 2824 1573 2855; x_wconf 84' lang='lat' dir='ltr'>made</span> <span class='ocrx_word' id='word_1_560' title='bbox 1601 2835 1620 2855; x_wconf 82' lang='lat' dir='ltr'>a</span> <span class='ocrx_word' id='word_1_561' title='bbox 1646 2825 1770 2855; x_wconf 81' lang='lat' dir='ltr'>Roman</span> 
     </span>
     <span class='ocr_line' id='line_1_48' title="bbox 214 2867 1120 2909; baseline -0.003 -8"><span class='ocrx_word' id='word_1_562' title='bbox 214 2870 246 2902; x_wconf 90' lang='lat'>7.</span> <span class='ocrx_word' id='word_1_563' title='bbox 277 2871 333 2901; x_wconf 76' lang='lat' dir='ltr'>sed</span> <span class='ocrx_word' id='word_1_564' title='bbox 361 2870 460 2899; x_wconf 77' lang='lat' dir='ltr'>etiam</span> <span class='ocrx_word' id='word_1_565' title='bbox 483 2867 644 2909; x_wconf 56' lang='lat' dir='ltr'>ommium]</span> <span class='ocrx_word' id='word_1_566' title='bbox 691 2867 759 2898; x_wconf 85' lang='lat' dir='ltr'>The</span> <span class='ocrx_word' id='word_1_567' title='bbox 783 2877 893 2899; x_wconf 81' lang='lat' dir='ltr'>names</span> <span class='ocrx_word' id='word_1_568' title='bbox 915 2868 952 2899; x_wconf 90' lang='lat' dir='ltr'>of</span> <span class='ocrx_word' id='word_1_569' title='bbox 992 2869 1120 2900; x_wconf 77' lang='lat' dir='ltr'>citizen.</span> 
     </span>
     <span class='ocr_line' id='line_1_49' title="bbox 170 2910 1769 2951; baseline -0.003 -7"><span class='ocrx_word' id='word_1_570' title='bbox 170 2913 263 2944; x_wconf 81' lang='lat' dir='ltr'>those</span> <span class='ocrx_word' id='word_1_571' title='bbox 278 2914 384 2943; x_wconf 84' lang='lat' dir='ltr'>whom</span> <span class='ocrx_word' id='word_1_572' title='bbox 401 2912 441 2942; x_wconf 89' lang='lat' dir='ltr'>he</span> <span class='ocrx_word' id='word_1_573' title='bbox 458 2912 612 2951; x_wconf 72' lang='lat' dir='ltr'>(lesigned</span> <span class='ocrx_word' id='word_1_574' title='bbox 629 2914 664 2942; x_wconf 79' lang='lat' dir='ltr'>to</span> <span class='ocrx_word' id='word_1_575' title='bbox 680 2911 828 2951; x_wconf 76' lang='lat' dir='ltr'>plumlcr.</span> <span class='ocrx_word' id='word_1_576' title='bbox 1035 2910 1257 2951; x_wconf 69' lang='lat' dir='ltr'>numeratum]</span> <span class='ocrx_word' id='word_1_577' title='bbox 1284 2915 1292 2927; x_wconf 92' lang='lat'><em>‘</em></span> <span class='ocrx_word' id='word_1_578' title='bbox 1303 2913 1473 2941; x_wconf 78' lang='lat' dir='ltr'>numerata</span> <span class='ocrx_word' id='word_1_579' title='bbox 1488 2910 1496 2923; x_wconf 87' lang='lat'><em>&#39;</em></span> <span class='ocrx_word' id='word_1_580' title='bbox 1520 2910 1544 2940; x_wconf 79' lang='lat' dir='ltr'>P</span> <span class='ocrx_word' id='word_1_581' title='bbox 1567 2910 1613 2943; x_wconf 83' lang='lat' dir='ltr'>M.</span> <span class='ocrx_word' id='word_1_582' title='bbox 1639 2916 1647 2928; x_wconf 90' lang='lat'>‘</span> <span class='ocrx_word' id='word_1_583' title='bbox 1658 2921 1769 2941; x_wconf 83' lang='lat' dir='ltr'>nume-</span> 
     </span>
    </p>
   </div>
  </div>
 </body>
</html>
