1849 3167
169 97 252 139 618
749 94 816 137 IN
850 95 896 137 C.
928 93 1184 137 VERREM

169 210 364 266 denique,
380 208 416 250 si
436 223 522 250 non
544 209 598 250 ad
617 208 809 250 homines
822 224 970 251 verum
992 209 1046 250 ad
1065 207 1245 259 bestias3
1268 213 1341 250 aut
1362 208 1505 260 etiam,
1527 215 1576 252 ut
1594 209 1764 266 longius

169 275 430 331 progrediar,
454 274 489 315 si
518 273 564 314 in
595 273 736 329 aliqua
767 274 1050 315 desertissima
1080 273 1308 314 solitudine
1333 274 1387 314 ad
1416 289 1517 315 saxa
1539 281 1580 316 et
1602 276 1655 316 ad
1676 291 1763 317 sco-

168 341 289 396 pulos
308 341 411 381 haec
432 340 633 394 conqueri
658 354 704 380 ac
726 339 943 393 dcplorare
965 338 1142 388 vellem3
1174 343 1316 380 tamen
1337 339 1478 380 omnia
1498 345 1617 381 muta
1638 346 1764 395 atquc

169 406 404 447 inanimata
428 410 549 446 tanta
577 410 618 445 et
646 410 735 445 tam
762 404 941 457 indigna
968 418 1110 444 rerum
1137 404 1365 445 acerbitate
1386 411 1762 446 commoverentur.

166 471 294 513 Nunc
314 486 413 512 vero
440 486 571 525 quum
598 470 745 525 loquar
773 469 885 523 apud
915 474 1127 510 senatores
1157 469 1304 524 populi
1328 469 1525 519 Romani,
1547 469 1694 524 legum
1722 475 1765 511 et

164 536 424 592 judiciorum
454 541 496 577 et
521 536 630 591 juris
661 539 862 583 auctores,
895 534 1046 575 timere
1075 549 1161 575 non
1191 535 1321 576 debeo
1351 550 1405 576 ne
1431 550 1517 576 non
1546 550 1656 576 unus
1686 535 1766 576 iste

169 602 274 644 civis
294 602 511 643 Romanus
532 601 606 642 illa
627 615 748 641 cruce
769 599 937 654 dignus,
953 599 1082 640 ceteri
1103 615 1246 641 omnes
1267 600 1396 641 simili
1415 600 1602 655 periculo
1623 600 1712 640 indi
1718 616 1767 655 g-

168 667 334 709 nissimi
359 667 617 723 judicentur.
680 664 814 705 Paulo
840 669 951 713 ante,
969 664 1146 719 judices,
1169 665 1364 706 lacrimas
1391 665 1436 705 in
1457 671 1592 706 morte
1612 665 1768 707 misera

169 738 297 788 atque
328 732 508 786 indigna
544 730 855 789 navarchorum
885 745 972 771 non
1011 730 1272 780 tenebamus,
1310 735 1353 771 et
1386 736 1498 772 recte
1532 746 1579 772 ac
1613 731 1766 772 merito

169 799 377 840 sociorum
397 796 689 838 innocentium
709 796 879 837 miseria
891 797 1259 837 commovebamur
1275 812 1284 846 3
1307 796 1411 851 quid
1430 796 1602 838 nuncin
1622 801 1766 838 nostro

169 863 377 918 sanguine
407 863 581 903 tandem
604 861 741 902 facere
762 861 995 903 debemus?
1053 861 1168 902 Nam
1189 861 1347 903 civium
1366 861 1656 903 Romanorum
1676 877 1765 903 om-

168 929 291 969 nium
330 927 503 983 sanguis
544 926 795 982 conjunctus
836 926 1144 968 existimandus
1184 931 1258 976 est,
1301 927 1501 982 quoniam
1537 932 1579 968 et
1619 927 1766 968 salutis

168 993 359 1034 omnium
389 993 497 1034 ratio
519 997 561 1034 et
583 993 739 1034 veritas
767 992 968 1047 postulat.
1030 992 1187 1034 Omnes
1213 993 1292 1034 hoc
1316 992 1406 1034 loco
1431 993 1543 1034 cives
1566 992 1764 1042 Romani,

168 1065 211 1101 et
241 1059 315 1114 qui
345 1059 499 1100 adsunt
529 1063 571 1099 et
591 1058 666 1113 qui
685 1058 841 1113 ubique
872 1063 983 1108 sunt,
1005 1063 1191 1099 vestram
1211 1057 1480 1099 severitatem
1511 1057 1764 1108 desiderant,

168 1130 353 1166 vestram
372 1124 500 1165 fidem
529 1124 772 1179 implorant,
794 1129 984 1165 vestrum
1014 1123 1222 1164 auxilium
1251 1123 1497 1177 requirunt:
1530 1122 1672 1163 omnia
1692 1138 1767 1164 sua

163 1190 275 1245 jura,
308 1189 537 1238 commoda,
571 1188 742 1237 auxilia,
775 1193 909 1229 totam
940 1188 1122 1244 denique
1151 1187 1393 1229 libertatem
1423 1187 1469 1228 in
1489 1188 1642 1228 vestris
1672 1203 1765 1228 sen-

167 1254 315 1295 tentiis
344 1254 506 1295 versari
536 1253 807 1294 arbitrantur.
872 1253 916 1294 A
939 1269 1007 1295 me
1031 1253 1201 1294 tametsi
1229 1253 1330 1294 satis
1357 1253 1529 1302 habent,
1551 1257 1708 1302 tamen,
1731 1252 1768 1293 si

167 1335 234 1361 res
261 1319 384 1360 aliter
408 1318 620 1366 acciderit,
643 1318 737 1373 plus
767 1318 985 1359 habebunt
1009 1319 1183 1359 fortasse
1211 1333 1339 1373 quam
1362 1317 1591 1372 postulant.
1652 1317 1767 1359 Nam

168 1385 204 1426 si
224 1400 308 1440 qua
323 1384 387 1425 Vis
408 1384 538 1425 istum
558 1384 609 1424 de
622 1388 762 1424 vestra
783 1383 1007 1424 severitate
1028 1383 1243 1438 eripuerit,
1258 1383 1303 1423 id
1318 1383 1431 1438 quod
1451 1398 1588 1438 neque
1608 1388 1765 1433 metuo,

162 1450 339 1505 judices,
362 1464 498 1503 neque
522 1448 610 1489 ullo
633 1448 757 1489 modo
778 1448 871 1489 fieri
894 1463 1012 1503 posse
1032 1448 1178 1498 video;
1212 1448 1285 1489 sed
1311 1448 1347 1488 si
1373 1447 1420 1488 in
1452 1447 1529 1488 hoc
1558 1463 1626 1489 me
1656 1448 1766 1489 ratio

167 1513 380 1563 fefellerit,
404 1513 536 1554 Siculi
556 1528 725 1553 causam
752 1528 871 1553 suam
897 1513 1055 1567 perisse
1082 1518 1326 1568 querentur,
1349 1517 1392 1553 et
1421 1527 1587 1553 mecum
1606 1513 1767 1567 pariter

166 1579 341 1620 moleste
375 1578 537 1628 ferent3
578 1577 758 1632 populus
790 1569 963 1633 quidem
998 1578 1216 1619 Romanus
1255 1577 1387 1627 brevi,
1424 1577 1625 1632 quoniam
1659 1578 1789 1619 mihi·

167 1649 420 1700 potestatem
437 1643 551 1698 apud
571 1658 613 1683 se
629 1642 786 1698 agendi
807 1642 936 1692 dedit,
949 1643 1020 1698 jus
1042 1658 1165 1683 suum
1184 1658 1252 1683 me
1273 1647 1426 1697 agente
1448 1641 1533 1683 suis
1554 1642 1767 1698 suffragiis

168 1714 266 1750 ante
288 1708 504 1749 Kalendas
525 1707 778 1749 Februarias
799 1707 1076 1762 recuperabit.
1134 1702 1203 1748 Ac
1231 1707 1266 1748 si
1286 1708 1338 1748 de
1359 1722 1452 1748 mea
1483 1707 1620 1762 gloria
1640 1712 1767 1763 atque

168 1773 450 1829 amplitudine
493 1773 708 1828 quaeritis,
745 1772 922 1828 judices,
956 1787 1044 1813 non
1078 1777 1141 1813 est
1173 1772 1360 1813 alienum
1393 1772 1498 1813 meis
1533 1772 1767 1815 rationibus

167 1840 297 1881 istum
316 1839 424 1880 mihi
437 1854 490 1879 ex
510 1838 589 1879 hoc
605 1837 766 1893 judicio
781 1842 973 1892 ereptum
994 1838 1048 1878 ad
1068 1837 1176 1878 illud
1195 1837 1342 1892 populi
1355 1837 1539 1878 Romani
1556 1837 1767 1893 judicium

167 1904 386 1946 reservari.
466 1902 698 1958 Splendida
738 1908 802 1944 est
841 1903 918 1944 illa
957 1918 1094 1953 causa,
1127 1902 1356 1957 probabilis
1395 1902 1505 1942 mihi
1540 1908 1582 1944 et
1615 1903 1764 1953 facilis,

167 1970 322 2025 populo
349 1974 471 2024 grata
491 1975 618 2024 atque
643 1969 845 2024 jucunda.
905 1968 1102 2024 Denique
1123 1968 1159 2009 si
1180 1967 1324 2009 videor
1344 1967 1426 2017 hic,
1449 1968 1562 2022 quod
1582 1983 1661 2023 ego
1680 1983 1767 2010 non

168 2035 370 2091 quaesivi,
403 2034 454 2074 de
490 2048 576 2074 uno
612 2033 693 2074 isto
723 2033 905 2075 voluisse
940 2049 1137 2083 crescere,
1169 2032 1250 2074 isto
1290 2031 1492 2081 absoluto,
1525 2033 1637 2087 quod
1676 2033 1767 2075 sine

167 2101 398 2143 multorum
419 2099 574 2141 scelere
594 2099 687 2140 fieri
707 2114 794 2141 non
813 2104 964 2155 potest,
988 2100 1040 2141 de
1061 2099 1208 2140 multis
1227 2097 1336 2140 mihi
1355 2112 1539 2139 crescere
1559 2098 1716 2140 licebit.

210 2224 263 2256 67.
300 2222 503 2264 inanimata]
551 2223 743 2253 ‘Inanima'
779 2222 943 2254 Orelli.—
987 2223 1054 2254 will
1077 2223 1117 2254 be
1141 2222 1331 2254 considered
1348 2223 1433 2252 most
1452 2221 1670 2261 undeserving
1693 2221 1730 2251 of
1747 2232 1767 2251 a

169 2267 387 2297 ‘acerbitate’
427 2266 457 2296 R
473 2268 504 2303 3,
542 2266 635 2297 codd.
668 2266 782 2297 Lamb.
814 2266 941 2304 Sever.;

167 2314 177 2327 ‘
187 2309 380 2340 atrocitate’
397 2309 481 2339 dett.

213 2363 251 2382 ne
273 2363 337 2382 non
360 2352 458 2392 unus]
506 2352 541 2382 F.
559 2351 594 2382 C.
612 2352 715 2382 Wolff
732 2352 889 2392 proposed
912 2354 947 2384 to

168 2396 250 2427 omit
274 2395 381 2431 ‘non,'
405 2395 470 2424 and
492 2394 628 2434 Madvig
651 2405 805 2434 approves
828 2396 865 2426 of
889 2396 947 2427 the

168 2438 330 2470 omission.
377 2437 410 2467 It
434 2447 534 2467 seems
559 2437 635 2467 that
663 2438 741 2477 they
764 2438 842 2468 take
866 2438 946 2469 ‘iste

169 2481 249 2512 civis
261 2481 270 2493 '
294 2483 329 2510 to
344 2480 384 2510 be
401 2479 532 2515 Gavius,
549 2480 691 2509 whereas
714 2480 754 2510 lie
778 2480 804 2510 is
820 2480 948 2511 Verres.

170 2525 290 2564 Zumpt
315 2523 379 2553 and
403 2522 502 2552 Orelli
527 2522 644 2554 defend
670 2522 727 2552 the
756 2523 860 2559 ‘non,’
885 2524 949 2553 and

171 2568 291 2598 Iordan
306 2566 404 2606 keeps
420 2565 458 2595 it.
505 2565 538 2595 It
558 2565 584 2594 is
599 2567 657 2595 not
674 2575 692 2594 a
708 2565 793 2595 clear
816 2566 899 2595 form
916 2566 953 2596 of

169 2610 352 2650 expression
364 2621 373 2645 ς
402 2609 462 2639 but
479 2607 618 2638 Cicero's
640 2608 793 2647 meaning
816 2618 948 2648 appears

169 2656 205 2685 to
230 2654 269 2684 be
295 2653 383 2683 this:
407 2651 447 2682 hc
472 2662 543 2690 says
569 2651 645 2681 that
671 2650 766 2680 when
792 2651 948 2692 speaking

169 2697 277 2727 before
305 2696 432 2725 Roman
458 2696 613 2729 senators,
640 2693 675 2723 ‘I
699 2693 803 2733 ought
827 2696 886 2724 not
911 2697 946 2725 to

170 2740 251 2770 liavc
264 2749 327 2778 any
337 2738 570 2777 apprehension
584 2737 660 2767 that
675 2736 742 2767 this
757 2746 816 2767 one
829 2737 947 2767 citizen

171 2782 208 2813 of
219 2792 316 2821 yours
331 2781 397 2811 will
412 2782 470 2811 not
485 2780 524 2811 bo
534 2780 661 2821 judgcd
676 2779 803 2820 worthy
819 2779 856 2810 of
874 2780 950 2810 that

171 2824 382 2865 punishment
402 2823 439 2854 of
456 2823 513 2854 the
536 2833 632 2860 cross,
649 2822 714 2854 and
736 2822 779 2853 all
801 2822 860 2854 the
882 2825 951 2853 rest

986 2266 1052 2297 like
1068 2266 1214 2307 danger?
1245 2266 1313 2296 The
1328 2267 1473 2296 senators
1488 2265 1525 2294 of
1537 2274 1647 2294 course
1660 2264 1767 2294 would

986 2310 1132 2340 consider
1147 2310 1205 2340 the
1221 2319 1305 2340 cross
1320 2319 1362 2338 an
1376 2307 1462 2338 unfit
1484 2307 1694 2347 punishment
1717 2307 1768 2338 for

993 2352 1120 2383 Roman
1151 2353 1294 2383 citizens.
1344 2352 1412 2382 But
1443 2350 1554 2381 Cicero
1584 2360 1666 2390 says,
1690 2350 1767 2380 that

991 2396 1086 2426 when
1101 2396 1180 2436 they
1196 2395 1280 2426 form
1304 2395 1371 2425 this
1390 2393 1576 2435 judgment,
1603 2393 1683 2433 they
1701 2393 1767 2423 will

991 2441 1049 2469 not
1077 2441 1112 2469 at
1138 2439 1196 2469 the
1220 2448 1307 2468 same
1326 2438 1406 2468 time
1430 2436 1527 2467 think
1551 2436 1626 2467 that
1649 2436 1767 2467 Verres

994 2481 1068 2511 does
1085 2483 1143 2511 not
1159 2482 1288 2512 deserve
1304 2481 1342 2511 it.

1037 2525 1191 2563 quoniam
1203 2524 1251 2565 et]
1299 2522 1469 2564 ‘quoniam
1495 2521 1530 2552 id
1557 2522 1609 2552 et'
1637 2522 1767 2552 dett.—

994 2570 1153 2597 ‘vestram
1170 2568 1378 2598 severitatem
1394 2565 1577 2596 desiderant
1588 2565 1597 2577 ’
1613 2575 1676 2595 om.
1693 2564 1723 2594 R
1735 2566 1766 2595 3.

1036 2610 1227 2651 Kalendas]
1267 2610 1382 2640 Before
1397 2609 1438 2639 he
1453 2608 1603 2638 hasbeen
1617 2618 1636 2637 a
1651 2608 1767 2638 month

992 2652 1025 2682 in
1042 2653 1131 2683 office
1147 2664 1180 2683 as
1197 2653 1316 2683 Curule
1328 2652 1439 2682 aedile.
1471 2650 1628 2690 Compare
1644 2651 1718 2681 Act.
1736 2652 1766 2681 1.

991 2705 1017 2725 e.
1035 2697 1086 2732 12,
1104 2697 1168 2726 and
1195 2696 1267 2726 Lib.
1294 2696 1324 2726 1.
1353 2705 1380 2725 c.
1407 2695 1437 2730 5,
1463 2694 1529 2724 and
1545 2704 1572 2724 c.
1589 2695 1642 2730 42,
1658 2696 1694 2724 at
1709 2693 1767 2724 the

990 2739 1116 2769 cnd.—‘
1130 2739 1303 2778 probabilis
1315 2738 1333 2768 ε’
1357 2748 1408 2768 see
1424 2737 1533 2767 Divin.
1551 2747 1577 2767 c.
1594 2738 1646 2767 20.

1036 2781 1076 2811 de
1091 2792 1154 2813 uno
1172 2804 1180 2812 .
1197 2805 1205 2812 .
1221 2780 1391 2822 σπερῶ-8,]
1439 2780 1578 2821 Rightly
1598 2779 1768 2820 explained

994 2822 1035 2864 by
1053 2824 1220 2861 Graevius,
1237 2827 1273 2856 to
1288 2826 1346 2865 get
1360 2833 1478 2864 power,
1500 2822 1630 2859 wealth,
1655 2832 1692 2853 or
1709 2822 1768 2852 the
