1849 3167
91 157 175 199 268
676 155 744 198 IN
776 155 820 197 O.
853 153 1108 197 VERREM

89 275 288 325 putamus
318 284 406 311 esse
435 268 510 310 illa
540 284 647 324 quae
676 273 807 324 negat
837 283 968 323 quum
997 268 1101 308 haec
1131 270 1221 308 tam
1250 265 1441 321 improba
1471 267 1557 309 sint
1581 283 1688 322 quae

89 335 283 376 fatetur?
344 334 458 381 Quid
479 334 593 375 enim
613 334 677 375 vis
698 333 932 374 constitui?
956 336 1249 386 consumptam
1270 347 1356 373 esse
1376 347 1542 374 omnem
1564 333 1689 373 istam

88 400 313 455 pecuniam
343 399 388 441 in
419 400 603 441 statuis?
662 399 748 440 Fac
783 399 844 438 ita
874 413 984 438 esse:
1026 401 1171 437 tamen
1205 396 1285 437 1100
1315 396 1536 438 ferendum
1570 397 1688 437 nullo

89 466 213 506 modo
243 470 306 506 est
335 469 501 505 tantam
529 464 580 504 ab
605 463 725 504 sociis
755 462 979 516 pecuniam
1009 461 1167 502 auferri
1194 465 1242 501 ut
1268 460 1314 500 in
1338 462 1531 502 omnibus
1565 461 1685 516 angi-

88 530 221 584 portis
248 529 471 584 praedonis
493 527 794 583 improbissimi
822 531 962 567 statua
981 531 1175 581 ponatur,
1198 540 1282 580 qua
1302 525 1376 567 vix
1400 531 1491 567 tuto
1513 525 1687 567 transiri

88 609 207 649 posse
228 595 434 635 videatur.

146 659 318 700 LVIII.
360 659 521 699 Verum
553 656 629 698 ubi
661 656 834 697 tandem
870 660 943 697 aut
982 655 1029 696 in
1068 655 1221 710 quibus
1261 654 1410 696 statuis
1449 655 1530 696 ista
1565 659 1686 695 tanta

87 725 267 779 pecunia
302 728 550 777 consumpta
585 722 681 763 est?
743 721 1036 770 Oonsumetur,
1072 720 1250 775 inquies.
1312 719 1481 760 Scilicet
1515 734 1684 774 exspec-

87 795 225 831 temus
254 789 496 844 legitimum
525 787 636 828 illud
659 786 1024 841 quinquennium;
1057 785 1093 826 si
1122 785 1201 826 hoc
1228 784 1451 825 intervallo
1480 799 1566 825 non
1587 799 1685 824 con-

88 855 324 909 sumpserit,
340 858 432 894 tum
445 852 626 907 denique
642 867 797 893 nomen
810 852 900 907 ejus
913 851 964 891 de
977 850 1166 906 pecuniis
1186 849 1430 904 repetundis
1451 853 1687 890 statuarum

86 919 257 960 nomine
288 918 535 959 deferemus.
597 917 713 958 Reus
743 921 807 957 est
836 916 1034 957 maximis
1064 915 1342 970 plurimisque
1363 914 1610 955 criminibus
1640 913 1687 953 in

81 983 292 1039 judicium
313 987 508 1024 vocatus:
543 981 619 1022 HS
646 981 788 1023 tricies
816 997 870 1022 ex
895 981 975 1021 hoc
995 996 1080 1022 uno
1108 995 1262 1035 genere
1288 984 1460 1035 captum
1479 979 1683 1019 videmus.

87 1048 132 1089 Si
159 1049 461 1089 condemnatus
486 1047 580 1096 eris,
602 1061 702 1095 non,
725 1046 886 1101 opinor,
909 1045 954 1086 id
984 1061 1084 1100 ages
1104 1050 1152 1085 ut
1176 1045 1257 1085 ista
1286 1043 1466 1099 pecunia
1493 1043 1539 1083 in
1561 1042 1685 1097 quin-

86 1113 271 1168 quennio
301 1117 572 1154 consumatur
602 1111 649 1152 in
679 1111 852 1152 statuis:
891 1111 957 1151 sin
988 1110 1202 1151 absolutus
1231 1110 1326 1159 eris,
1359 1109 1453 1163 quis
1486 1108 1567 1148 erit
1596 1112 1687 1148 tam

86 1193 230 1218 amens
261 1177 335 1232 qui
364 1182 407 1218 te
427 1192 481 1217 ex
508 1181 571 1217 tot
601 1176 815 1231 tantisque
836 1175 1084 1216 criminibus
1115 1174 1304 1229 elapsum
1333 1178 1427 1228 post
1447 1172 1684 1227 quinquen-

85 1242 206 1283 nium
236 1247 472 1282 statuarum
501 1241 672 1282 nomine
702 1241 916 1282 arcessat?
976 1239 1046 1280 Ita
1067 1239 1103 1281 si
1121 1254 1259 1294 neque
1280 1239 1417 1279 adhuc
1438 1241 1687 1291 consumpta

86 1311 149 1347 est
179 1307 260 1347 ista
289 1306 480 1360 pecunia,
503 1310 545 1346 et
566 1310 628 1346 est
652 1305 921 1359 perspicuum
944 1319 1031 1345 non
1055 1308 1352 1357 consumptum
1381 1303 1447 1351 iri,
1470 1302 1570 1342 licet
1594 1302 1687 1356 jam

86 1371 376 1426 intelligamus
406 1370 626 1411 inventam
657 1385 744 1410 esse
774 1369 995 1418 rationem,
1028 1384 1158 1423 quare
1189 1373 1230 1409 et
1259 1368 1339 1408 iste
1369 1366 1445 1407 HS
1469 1366 1611 1407 tricies
1632 1381 1686 1407 ex

88 1436 167 1477 hoc
194 1451 278 1476 uno
311 1451 464 1490 genere
495 1435 731 1476 conciliarit
758 1439 800 1474 et
827 1434 996 1488 ceperit,
1019 1438 1061 1474 et
1082 1433 1222 1482 ceteri,
1246 1432 1282 1473 si
1307 1432 1387 1472 hoc
1414 1446 1438 1472 a
1465 1431 1583 1472 vobis
1605 1431 1686 1472 erit

86 1501 417 1555 comprobatum,
450 1515 578 1555 quam
609 1499 753 1541 volent
786 1514 964 1554 magnas
995 1499 1074 1539 1100
1105 1497 1276 1538 nomine
1308 1496 1507 1551 pecunias
1537 1511 1686 1550 capere

84 1567 271 1621 possint;
303 1570 351 1606 ut
376 1565 469 1621 jam
490 1565 708 1606 videamur
731 1579 817 1604 non
844 1579 868 1604 a
888 1563 1077 1618 pecuniis
1102 1561 1322 1616 capiundis
1342 1561 1534 1601 homines
1556 1560 1684 1601 absti-

85 1646 198 1679 nere,
217 1631 300 1679 sed,
319 1645 451 1684 quum
473 1645 628 1684 genera
650 1629 856 1684 quaedam
875 1628 1152 1682 pecuniarum
1173 1626 1474 1680 capiendarum
1495 1640 1683 1679 compro-

84 1695 283 1744 barimus,
307 1695 483 1735 honesta
509 1694 682 1734 nomina
712 1692 967 1747 turpissimis
997 1692 1121 1732 rebus
1151 1691 1380 1745 imponere.
1441 1689 1626 1739 Etenim,
1650 1689 1686 1730 si

87 1760 131 1801 C.
170 1760 324 1801 Verres
357 1758 433 1799 HS
469 1772 552 1799 cxx
591 1758 728 1799 millia
762 1757 979 1812 populum,
1013 1756 1133 1798 verbi
1169 1755 1319 1811 gratia,
1358 1754 1686 1809 Centuripinum

84 1825 352 1880 poposcisset,
377 1839 552 1879 eamque
578 1824 631 1864 ab
659 1823 711 1864 iis
737 1822 962 1877 pecuniam
989 1821 1242 1870 abstulisset,
1265 1835 1364 1870 non,
1391 1820 1551 1874 opinor,
1578 1824 1685 1860 esset

86 1890 263 1931 dubium
303 1889 408 1944 quin
447 1904 545 1930 eum
584 1903 716 1943 quum
754 1887 801 1928 id
838 1887 1015 1942 planum
1046 1886 1167 1927 fieret
1207 1885 1480 1926 condemnari
1518 1899 1685 1926 necesse

87 1960 205 1997 esset.
280 1954 395 2001 Quid
424 1954 460 1995 si
490 1954 671 1995 eundem
706 1952 911 2008 populum
946 1951 1023 1992 HS
1053 1965 1123 1992 000
1151 1950 1288 1992 millia
1317 1949 1520 2005 poposcit,
1552 1964 1684 2005 eaque

132 2111 227 2140 quum
257 2101 334 2131 haec
364 2103 433 2131 tam
470 2100 622 2140 improba
650 2098 734 2140 sint]
795 2099 863 2129 The

87 2143 183 2173 MSS.
214 2144 295 2174 have
327 2144 446 2173 ‘sunt'
500 2143 639 2183 Nobody
671 2153 731 2172 can
761 2142 864 2172 doubt

88 2187 195 2216 which
211 2187 239 2216 it
255 2187 370 2216 should
384 2187 434 2222 be,
450 2186 480 2216 if
492 2186 532 2216 he
548 2186 605 2216 has
621 2186 699 2216 read
715 2196 748 2215 so
763 2185 814 2215 far
830 2185 864 2214 in

88 2229 179 2259 these
196 2229 338 2259 orations
355 2229 435 2259 with
451 2239 514 2268 any
531 2239 613 2259 care.
660 2228 780 2258 Iordan
792 2238 864 2268 says

90 2272 197 2307 ‘sint,'
215 2271 370 2301 Priscian.

134 2316 184 2344 58.
209 2313 402 2353 leyitimum]
450 2314 511 2343 We
542 2313 656 2343 collect
683 2313 766 2343 from
796 2312 863 2343 this

88 2367 221 2397 passage
237 2357 312 2386 that
328 2366 387 2386 one
403 2356 440 2385 of
458 2356 515 2386 the
532 2356 638 2395 ‘leges
654 2356 693 2386 (le
709 2358 860 2395 repetun-

89 2399 156 2429 dis’
174 2399 307 2429 allowed
323 2409 341 2428 a
357 2399 467 2438 period
490 2398 527 2428 of
545 2399 606 2428 five
629 2409 722 2438 years
745 2398 862 2428 within

89 2442 196 2472 which
227 2444 351 2471 statues
381 2441 415 2470 in
442 2441 567 2470 honour
597 2441 634 2470 of
660 2452 678 2471 a
704 2451 863 2481 governor

89 2485 197 2524 might
213 2484 252 2514 be
269 2484 398 2514 erec-ted
414 2486 471 2513 out
491 2483 528 2513 of
546 2483 602 2513 the
625 2494 742 2524 money
758 2483 864 2513 raised

88 2528 139 2557 for
164 2527 239 2557 that
266 2536 413 2566 purpose.
461 2526 495 2555 If
518 2526 584 2555 this
614 2526 693 2556 time
724 2526 861 2565 elapsed,

89 2570 170 2600 then
186 2570 242 2600 the
258 2569 341 2609 legal
358 2568 581 2609 presumption
596 2569 702 2598 would
724 2569 764 2598 be
787 2569 863 2598 that

89 2613 147 2643 the
183 2615 307 2642 statues
338 2622 422 2642 were
452 2611 574 2651 merely
605 2621 624 2640 a
653 2613 783 2650 prctext
814 2611 863 2641 for

89 2655 212 2695 raising
228 2665 343 2695 money
355 2667 363 2690 ;
387 2655 448 2684 but
464 2664 511 2684 we
532 2656 620 2683 must
641 2664 765 2683 assume
788 2654 863 2683 that

88 2708 131 2728 no
146 2708 305 2738 governor
321 2697 414 2727 could
429 2697 468 2727 be
484 2696 675 2736 prosecuted
692 2700 701 2712 ‘
711 2698 862 2735 repetun-

89 2742 205 2771 darum
243 2741 393 2776 noniine‚'
424 2740 458 2769 in
489 2740 546 2769 the
583 2739 729 2769 instance
759 2739 863 2768 under

90 2783 339 2819 consideration,
358 2787 365 2799 ‘
379 2785 563 2813 statuarum
579 2781 731 2817 nomine,'
755 2781 862 2811 unless

88 2827 116 2857 it
133 2826 227 2856 could
242 2826 281 2856 be
296 2826 416 2865 proved
442 2826 516 2856 that
542 2825 599 2855 the
625 2835 741 2864 money
757 2824 862 2854 raised

90 2869 140 2899 for
156 2871 281 2900 statues
297 2878 385 2899 came
411 2870 446 2900 to
472 2868 522 2898 his
547 2867 661 2905 hands,
683 2878 719 2898 or
744 2868 780 2898 to
803 2867 861 2898 the

907 2098 1011 2129 hands
1027 2098 1064 2129 of
1073 2098 1124 2128 his
1140 2099 1265 2138 agents.
1312 2097 1356 2127 As
1373 2098 1408 2127 to
1424 2098 1548 2127 statues
1564 2107 1615 2127 see
1631 2096 1683 2127 Ad

909 2141 947 2178 Q.
965 2142 1018 2171 Fr.
1035 2142 1056 2171 i.
1074 2143 1103 2171 1.
1121 2151 1147 2171 c.
1164 2143 1204 2176 9;
1222 2140 1286 2170 Pro
1303 2140 1427 2175 Flacco,
1445 2150 1471 2169 c.
1489 2141 1540 2170 25.

953 2186 1100 2214 arcessat
1113 2183 1142 2224 ἲ]
1175 2183 1252 2213 This
1264 2183 1353 2212 word
1368 2182 1510 2222 signifies
1526 2184 1561 2212 to
1578 2185 1587 2198 ‘
1597 2192 1682 2212 sum-

907 2227 1006 2263 mon,’
1022 2229 1057 2257 to
1075 2230 1083 2243 ‘
1096 2226 1174 2256 send
1189 2225 1261 2261 for,’
1288 2235 1321 2255 as
1342 2225 1376 2254 in
1401 2224 1524 2260 Cicero,
1542 2225 1590 2254 De
1608 2225 1681 2255 Sen.

909 2280 936 2300 c.
954 2270 994 2300 16
1004 2282 1014 2306 5
1038 2269 1102 2299 and
1117 2269 1174 2299 the
1190 2267 1396 2307 summoning
1411 2277 1486 2307 may
1502 2268 1541 2297 bc
1557 2267 1606 2297 for
1622 2278 1682 2298 one

907 2313 1005 2352 thing
1020 2322 1056 2341 or
1072 2312 1122 2341 for
1137 2311 1284 2345 another,
1302 2313 1337 2340 to
1353 2310 1476 2340 receive
1489 2320 1530 2340 an
1542 2310 1682 2340 honour-

908 2355 979 2385 able
1003 2354 1215 2389 commission,
1248 2363 1283 2383 or
1306 2355 1341 2382 to
1364 2363 1487 2382 answer
1510 2363 1529 2382 a
1552 2353 1682 2393 charge.

907 2398 952 2427 As
968 2399 1003 2427 to
1019 2397 1076 2427 the
1091 2396 1175 2426 form
1193 2400 1201 2412 ‘
1214 2395 1395 2431 arcessere,'
1412 2405 1462 2425 see
1478 2396 1552 2425 Act.
1570 2397 1589 2426 i.
1607 2407 1634 2426 c.
1651 2398 1682 2427 9.

907 2440 938 2469 V
954 2440 1018 2469 and
1035 2439 1133 2469 Klotz
1149 2439 1231 2468 have
1258 2443 1266 2455 ‘
1277 2439 1443 2474 accersat,'
1460 2439 1566 2468 which
1582 2439 1608 2469 is
1624 2442 1683 2469 not

907 2483 964 2512 the
980 2482 1120 2521 genuine
1136 2482 1189 2511 old
1204 2481 1297 2511 form.

951 2535 1049 2564 neque
1073 2547 1081 2554 .
1106 2547 1113 2554 .
1137 2524 1184 2564 et]
1233 2524 1390 2564 ‘Neque'
1421 2524 1486 2554 and
1517 2524 1592 2561 ‘et,'
1619 2525 1684 2555 and

908 2568 973 2597 also
1002 2572 1010 2584 ‘
1021 2577 1079 2597 nec
1092 2567 1100 2580 '
1126 2567 1191 2596 and
1219 2571 1227 2583 ‘
1238 2567 1293 2602 et,'
1319 2578 1373 2597 are
1400 2567 1583 2597 sometimes
1606 2568 1684 2598 thus

907 2610 1041 2650 placed;
1065 2610 1129 2639 like
1146 2611 1219 2640 οὔτε
1236 2610 1300 2639 and
1317 2612 1364 2640 τέ.

952 2663 990 2683 ex·
1006 2654 1064 2683 hoc
1080 2652 1159 2693 uno]
1209 2657 1216 2669 ‘
1229 2652 1286 2682 HS
1308 2653 1429 2683 viciens
1451 2664 1488 2683 ex
1511 2653 1571 2683 hoe
1598 2653 1683 2683 uno’

908 2695 1017 2731 Klotz,
1048 2696 1132 2725 from
1171 2695 1210 2726 V.

907 2738 992 2768 uno.'

951 2780 1140 2821 abstinere‚]

1272 2696 1392 2735 Zumpt
1430 2696 1489 2726 has
1529 2696 1683 2726 ‘triciens

1188 2781 1256 2811 The
1288 2791 1435 2811 common
1458 2781 1595 2821 reading
1618 2781 1683 2811 and

906 2823 981 2854 that
1012 2824 1049 2854 of
1074 2824 1104 2853 V
1134 2824 1160 2853 is
1192 2824 1414 2860 ‘abste1=1·ere,'
1445 2824 1551 2854 which
1582 2824 1682 2853 Halm

906 2866 1038 2907 prefers.
1084 2866 1145 2907 Lg.
1162 2867 1204 2897 42
1219 2877 1250 2907 p.
1266 2877 1310 2897 m.
1327 2873 1350 2906 φ
1367 2867 1448 2898 have
1465 2867 1668 2898 ‘abstinerc.’
