1849 3167
126 137 208 178 122
703 133 771 177 IN
802 131 847 175 O.
878 131 1131 176 VERREM

125 249 314 293 evenerit
332 253 381 292 ut
401 248 448 291 in
466 254 634 292 tantum
654 248 889 305 periculum
908 246 1084 290 veniret.
1145 245 1244 288 Non
1264 245 1378 288 enim
1396 250 1534 303 potest
1554 246 1704 296 dicere,

128 317 271 364 Quum
305 317 555 358 seditionem
589 316 732 357 sedare
771 314 936 363 vellem,
979 328 1111 368 quum
1149 311 1410 354 frumentum
1440 313 1704 368 imperarem,

126 398 259 438 quum
298 382 557 437 stipendium
597 396 802 435 cogerem,
838 394 969 434 quum
1008 377 1171 433 aliquid
1209 378 1389 434 denique
1423 379 1485 420 rei
1516 377 1707 433 publicae

127 464 251 490 causa
287 464 503 504 gererem;
547 448 659 502 quod
697 446 833 487 acrius
872 443 1090 499 imperavi,
1127 443 1238 498 quod
1272 444 1563 492 animadverti,
1597 443 1709 498 quod

127 514 312 556 minatus
345 529 449 555 sum.
512 512 629 559 Quae
663 511 698 552 si
725 511 895 559 diceret,
924 515 1067 550 tamen
1101 508 1264 564 ignosci
1295 524 1379 550 non
1414 514 1635 564 oporteret,
1673 508 1709 550 si

127 580 255 622 nimis
290 579 487 621 atrociter
518 577 764 633 imperando
799 575 920 617 sociis
955 574 1002 615 111
1036 579 1205 616 tantum
1236 575 1440 616 adductus
1473 573 1709 630 periculum

128 646 355 688 videretur.

185 709 405 752 XXVIII.
438 708 564 750 Nunc
584 722 715 763 quum
735 705 824 761 ipse
853 720 1021 747 causam
1040 704 1155 746 illius
1183 705 1390 747 tumultus
1409 720 1545 760 neque
1564 712 1708 746 veram

128 776 266 818 dicere
295 790 431 830 neque
460 774 611 816 falsam
641 772 881 828 confingere
916 772 1082 821 audeat,
1118 771 1244 812 homo
1277 776 1418 813 autem
1452 771 1622 812 ordinisa
1644 770 1709 812 sui

128 841 449 898 fiugalissimus,
476 839 549 894 qui
578 844 670 880 tum
699 853 895 901 accensus
923 837 968 878 C.
1001 836 1164 879 Neroni
1192 836 1287 887 fuit,
1318 837 1366 878 P.
1399 837 1574 887 Tettius,
1605 837 1709 879 haec

129 908 275 949 eadem
309 922 352 948 se
381 905 604 961 Lampsaci
633 919 832 964 cognosse
858 903 1027 953 dixerit,
1058 903 1125 944 vir
1155 903 1347 945 omnibus
1377 904 1499 944 rebus
1529 903 1707 944 ornatis-

129 973 258 1015 simus
280 972 324 1014 C.
347 972 496 1022 Varro,
519 972 593 1027 qui
612 976 704 1013 tum
724 971 769 1012 111
789 970 893 1012 Asia
913 970 1109 1012 tribunus
1123 969 1309 1011 militum
1328 969 1423 1019 fuit,
1445 969 1548 1010 haec
1564 969 1710 1010 eadem

128 1039 219 1094 ipsa
239 1054 282 1080 se
303 1054 356 1080 ex
384 1038 635 1079 Philodamo
657 1037 820 1079 audisse
850 1035 1196 1090 dicat—potestis
1226 1035 1420 1077 dubitare
1446 1035 1551 1090 quin
1580 1034 1709 1076 istum

128 1105 298 1146 fortuna
318 1119 404 1145 non
423 1109 513 1145 tam
539 1118 591 1144 ex
611 1103 684 1144 1110
704 1102 890 1158 periculo
911 1101 1071 1156 eripere
1092 1101 1273 1142 voluerit
1302 1116 1430 1156 quam
1450 1101 1504 1142 ad
1522 1106 1711 1142 vestrum

123 1170 335 1226 judicium
355 1184 567 1211 reservare
584 1169 604 1210 ⁸?
662 1169 759 1211 Nisi
789 1184 888 1210 vero
918 1168 1027 1209 illud
1056 1167 1167 1208 dicet
1197 1168 1308 1223 quod
1338 1172 1379 1208 et
1398 1167 1446 1208 in
1468 1166 1710 1208 testimonio

130 1236 261 1277 Tettii
280 1235 418 1291 priore
439 1235 602 1276 actione
626 1234 916 1290 interpellavit
946 1233 1201 1275 Hortensius
1216 1249 1367 1288 z—quo
1396 1238 1584 1288 tempore
1614 1232 1707 1288 qui-

130 1301 227 1342 dem
247 1300 360 1356 signi
381 1301 481 1342 satis
503 1300 632 1351 dedit,
655 1301 690 1342 si
705 1301 808 1356 quid
829 1305 936 1342 esset
956 1300 1069 1355 quod
1087 1304 1224 1354 posset
1244 1299 1394 1349 dicere,
1417 1314 1459 1340 se
1474 1304 1612 1340 tacere
1624 1313 1710 1339 non

129 1381 261 1421 posse,
284 1372 331 1407 ut
352 1366 554 1422 quamdiu
580 1367 713 1408 tacuit
742 1366 789 1407 in
818 1365 967 1407 ceteris
996 1365 1172 1406 testibus
1202 1364 1306 1406 scire
1326 1378 1469 1406 omnes
1498 1379 1710 1419 possemus

129 1432 241 1473 nihil
261 1432 455 1474 habuisse
485 1432 597 1487 quod
626 1432 785 1473 diceret
801 1432 948 1473 z—hoc
969 1436 1062 1472 tum
1091 1430 1213 1480 dixit,
1236 1429 1535 1471 Philodamum
1558 1434 1600 1470 et
1621 1429 1710 1485 ejus

129 1497 267 1538 filium
296 1513 320 1539 a
351 1497 397 1538 O.
429 1497 599 1539 Nerone
629 1513 717 1539 esse
747 1497 978 1539 damnatos.
1040 1497 1105 1538 De
1137 1511 1219 1551 quo
1245 1511 1298 1537 110
1327 1495 1462 1536 multa
1493 1495 1707 1545 disseram,

129 1568 298 1605 tantum
332 1564 437 1614 (1100,
472 1569 661 1606 secutum
691 1564 735 1605 id
770 1579 856 1605 esse
888 1564 1103 1605 Neronem
1134 1567 1175 1604 et
1206 1562 1295 1618 ejus
1326 1561 1560 1611 consilium,
1598 1562 1711 1617 quod

131 1629 375 1671 Cornelium
403 1630 593 1671 lictorem
614 1629 796 1688 occisum
825 1645 912 1671 esse
942 1633 1175 1689 constaret:
1207 1632 1375 1683 putasse
1403 1643 1489 1669 non
1519 1632 1711 1689 oportere

130 1710 216 1737 esse
247 1695 443 1750 cuiquam
472 1711 526 1737 ne
555 1696 601 1736 in
628 1695 867 1756 ulciscenda
897 1695 1069 1750 quidem
1098 1693 1254 1749 injuria
1280 1692 1464 1734 hominis
1494 1693 1712 1734 occidendi

128 1765 391 1816 potestatem.
453 1760 508 1801 In
537 1776 620 1816 quo
650 1761 772 1802 Video
802 1760 984 1802 Neronis
1009 1760 1170 1816 judicio
1198 1774 1285 1800 non
1303 1763 1346 1800 te
1366 1758 1604 1800 absolutum
1624 1774 1711 1800 esse

128 1826 426 1882 improbitatis,
449 1827 522 1868 sed
536 1826 632 1868 illos
652 1827 872 1868 damnatos
894 1841 981 1867 esse
1002 1825 1151 1867 caedis.
1211 1825 1374 1866 Verum
1393 1824 1475 1866 ista
1495 1824 1711 1865 damnatio

127 1897 272 1933 tamen
293 1892 527 1948 cujusmodi
547 1892 662 1933 fuit?
711 1892 884 1941 Audite,
899 1907 1063 1947 quaeso,
1081 1890 1256 1947 judices,
1278 1895 1321 1932 et
1341 1890 1566 1945 aliquando
1586 1889 1708 1931 mise-

128 1958 283 2000 remini
303 1959 522 2008 sociorum,
538 1963 580 2000 et
600 1958 809 2000 ostendite
823 1957 987 2013 aliquid
997 1957 1065 1999 his
1085 1957 1132 1998 in
1152 1960 1291 1999 vestra
1310 1955 1393 1997 fide
1412 1955 1612 2011 praesidii
1624 1970 1711 1997 esse

129 2029 332 2079 oportere.

186 2088 354 2130 XXIX.
389 2088 512 2134 Quod
531 2088 611 2130 toti
634 2087 804 2130 Asiae
788 2103 885 2144 Jure
909 2087 1069 2129 occisus
1089 2087 1313 2129 videbatur
1333 2086 1455 2127 istius
1475 2085 1560 2135 ille,
1582 2086 1711 2127 verbo

128 2153 265 2204 lictor,
287 2170 333 2195 re
358 2169 458 2196 vera
478 2153 671 2195 minister
691 2153 1024 2208 improbissimae
1037 2153 1295 2208 cupiditatis,
1317 2151 1538 2214 pertimuit
1558 2151 1637 2193 iste
1657 2167 1711 2193 ne

129 2218 405 2260 Philodamus
425 2218 606 2260 Neronis
631 2218 792 2274 judicio
812 2217 1086 2259 liberaretur:
1117 2222 1242 2273 rogat
1262 2221 1304 2258 et
1324 2221 1415 2258 orat
1445 2216 1711 2258 Dolabellam

129 2288 179 2324 ut
199 2284 250 2324 de
271 2299 345 2324 sua
364 2283 582 2338 provincia
602 2284 789 2334 decedat,
815 2284 869 2324 ad
889 2283 1103 2324 Neronem
1129 2282 1442 2337 proficiscatur3
1473 2297 1516 2323 se
1537 2282 1709 2323 demon-

129 2405 217 2446 plain
232 2405 304 2436 how
318 2405 359 2435 he
375 2407 432 2445 got
453 2405 523 2436 into
538 2405 617 2436 such
639 2407 732 2446 great
755 2405 898 2446 danger?
942 2404 1078 2446 galitas'
1098 2405 1124 2435 is
1144 2404 1271 2434 defined
1291 2404 1334 2445 by
1359 2403 1469 2434 Cicero
1494 2403 1600 2444 (Tusc.
1621 2403 1711 2444 Disp.

131 2449 166 2480 It
195 2449 222 2479 is
251 2449 387 2478 difficult
416 2451 451 2479 to
476 2449 644 2485 translate,
669 2449 733 2479 and
755 2451 812 2490 yet
842 2449 898 2479 the
942 2449 986 2479 iii.
1000 2448 1049 2488 8):
1067 2448 1159 2488 “ejus
1173 2447 1398 2488 (frugalitatis)
1412 2447 1495 2477 enim
1506 2447 1636 2478 videtur
1645 2457 1712 2478 esse

130 2492 282 2532 meaning
297 2492 323 2521 is
338 2492 494 2532 perfectly
510 2492 603 2521 clear.
940 2491 1105 2532 proprium
1120 2493 1227 2521 motus
1242 2490 1340 2520 animi
1357 2493 1544 2530 appetentes
1554 2501 1665 2531 regere
1677 2492 1712 2521 et

175 2536 226 2565 28.
257 2534 422 2575 aecensus]
469 2538 478 2551 ‘
488 2535 517 2564 A
542 2535 746 2574 summoning
769 2534 896 2565 officer.'
940 2535 1060 2570 sedare,
1071 2544 1256 2573 semperque
1266 2533 1488 2564 adversantem
1504 2534 1629 2563 libidini
1644 2543 1710 2564 mo-

131 2578 199 2609 The
211 2578 373 2608 functions
388 2578 424 2607 of
435 2588 476 2608 an
493 2577 671 2608 ‘accensus’
683 2588 800 2617 appear
814 2578 897 2607 from
941 2578 1086 2608 deratam
1097 2577 1130 2606 in
1140 2577 1226 2606 omni
1236 2587 1270 2607 re
1280 2587 1405 2607 servare
1416 2577 1646 2613 constantiam,
1639 2589 1646 2595 ·
1659 2576 1711 2607 eui

131 2622 189 2652 the
219 2621 449 2651 Commentarii
479 2620 676 2656 Consulares,
707 2621 826 2660 quoted
857 2621 900 2661 by
944 2620 1142 2651 eontrarium
1158 2620 1274 2650 vitium
1290 2620 1434 2660 nequitia
1449 2620 1601 2650 dieiturf'

133 2664 237 2694 Varro
255 2664 305 2703 (L.
324 2664 360 2694 L.
373 2664 414 2694 vi.
431 2665 482 2700 88,
500 2664 547 2694 ed.
565 2663 696 2703 Miiller)
711 2676 716 2692 :
746 2667 766 2679 “
778 2663 833 2703 qui
849 2674 899 2693 ex·
986 2665 1022 2693 ut
1060 2663 1211 2702 quamdiu
1250 2662 1321 2704 ᾇτ’]
1381 2665 1448 2699 ‘,ut
1487 2673 1539 2703 qu
1532 2663 1640 2693 ¹nndiu
1676 2662 1711 2692 in

133 2704 270 2738 ercitum
282 2708 497 2747 imperaturus
507 2707 579 2742 erit,
590 2717 720 2736 accenso
730 2706 809 2736 dicit
821 2707 899 2736 110οε
945 2707 1059 2736 ceteris
1083 2706 1176 2736 rebus
1201 2706 1360 2736 tacuerit'
1386 2706 1431 2736 O1
1433 2706 1507 2737 elli.
1498 2725 1539 2727 —
1541 2706 1625 2736 ‘Sed
1651 2706 1711 2736 hoc

134 2750 298 2790 Calpurni,
325 2761 402 2780 voca
427 2751 461 2780 in
490 2750 599 2780 licium
625 2760 733 2779 omnes
760 2749 901 2786 Quirites
945 2752 1016 2779 tum
1033 2749 1132 2779 d'nit'
1151 2749 1259 2779 Orelli.
1303 2750 1405 2780 ‘Sed'
1421 2750 1447 2779 is
1463 2759 1504 2779 an
1519 2749 1665 2779 addition
1679 2749 1716 2779 of

133 2794 197 2824 huc
213 2794 253 2823 ad
268 2793 352 2829 1110,”
369 2794 424 2824 &a
470 2797 478 2810 ‘
488 2793 621 2823 Accensi
632 2792 642 2805 ’
658 2802 740 2823 were
756 2792 820 2822 also
836 2803 900 2822 em-
944 2792 1184 2822 Lambinus.—‘
1190 2792 1241 2823 Ne
1249 2792 1390 2824 multum
1399 2792 1565 2823 disseram'
1582 2792 1711 2832 Zumpt,

134 2836 249 2877 ployed
272 2837 305 2866 in
328 2837 384 2867 the
407 2838 515 2867 courts
540 2836 604 2875 (Ad
624 2835 662 2872 Q.
684 2835 737 2865 Fr.
759 2837 787 2865 1.
809 2846 836 2865 c.
855 2835 900 2875 4).
945 2835 1054 2873 Klotz,
1069 2835 1133 2866 and
1148 2835 1276 2867 Iordan.

135 2880 194 2911 See
207 2880 402 2917 ‘Accensus,'
414 2879 704 2910 Porcelliili.›-'I¹lie
716 2878 803 2909 word
816 2882 825 2895 ‘
834 2878 900 2908 fru-
