1849 3167
565 111 691 155 AOT.
725 112 789 155 II.
821 110 1010 154 LIBER
1040 109 1310 153 TERTIUS.
1653 104 1736 152 365

130 225 312 268 fortunis
333 226 528 269 omnibus
549 228 745 283 expulsos
766 242 853 269 esse
873 226 1021 282 populi
1042 225 1229 268 Romani
1256 224 1387 267 socios
1415 229 1542 281 atque
1567 224 1735 266 amicos.

132 291 297 337 Quibus
327 291 363 333 si
392 307 476 347 qua
506 293 725 335 calamitas
754 298 927 349 propter
956 292 1088 333 istum
1118 292 1246 333 salvis
1270 291 1552 346 vectigalibus
1581 291 1738 332 nostris

131 357 363 407 accidisset,
386 358 724 400 animadvertere
751 365 896 400 tamen
925 358 971 399 in
997 373 1096 399 eum
1115 373 1189 399 vos
1210 357 1456 411 oportebat3
1488 356 1739 411 praesertim

131 438 265 478 quum
300 438 349 464 ea
385 423 479 478 lege
515 424 764 479 judicaretis
796 439 904 479 quae
938 423 1148 465 sociorum
1183 437 1308 463 causa
1340 427 1449 463 esset
1479 422 1736 462 constituta:

131 503 264 543 quum
293 503 393 529 vero
423 489 602 543 perditis
632 486 954 544 profligatisque
985 488 1107 530 sociis
1127 487 1357 542 vectigalia
1388 486 1535 542 populi
1555 486 1740 527 Romani

131 553 218 594 sint
258 553 489 604 deminuta,
524 570 590 595 res
622 554 913 604 frumentaria,
957 558 1228 603 commeatus,
1270 552 1427 607 copiae,
1471 551 1583 592 salus
1622 551 1740 592 urbis

131 624 258 673 atque
290 620 554 660 exercituum
584 625 826 661 nostrorum
855 620 901 660 in
931 619 1222 675 posteritatem
1254 619 1376 660 istius
1407 616 1586 659 avaritia
1607 617 1739 658 inter-

132 683 244 734 ierit,
283 685 433 726 saltem
468 685 616 741 populi
648 685 834 727 Romani
869 685 1088 726 commoda
1123 684 1333 739 respicite,
1366 684 1402 725 si
1431 683 1553 724 sociis
1583 682 1739 723 fidelis-

131 749 248 791 simis
278 751 516 805 prospicere
546 766 632 792 non
661 751 875 792 laboratis.
937 750 1082 805 Atque
1112 755 1161 791 ut
1188 749 1443 805 intelligatis
1466 749 1518 790 ab
1538 748 1619 788 isto
1639 762 1741 802 prae

130 814 248 857 lucro
268 817 509 871 praedaque
530 816 743 871 praesenti
763 831 841 858 nec
862 816 1140 871 vectigalium
1161 830 1237 856 nec
1258 814 1519 870 posteritatis
1547 813 1739 854 habitam

131 895 219 922 esse
259 881 481 931 rationem,
525 882 765 937 cognoscite
805 881 909 936 quid
949 882 1003 922 ad
1043 886 1283 922 extremum
1327 879 1484 921 scribat
1524 878 1738 920 Metellus.

134 945 214 986 ‘In
243 946 458 1002 reliquum
487 952 631 988 tamen
661 952 829 1002 tempus
850 946 1132 1001 vectigalibus
1161 945 1388 1000 prospexi.'
1451 944 1506 984 In
1527 944 1741 999 reliquum

131 1015 299 1066 tempus
321 1012 381 1053 ait
403 1028 445 1053 se
466 1012 748 1067 vectigalibus
768 1012 1043 1067 prospexisse.
1105 1011 1204 1052 Non
1235 1011 1436 1052 scriberet
1467 1025 1509 1051 se
1534 1009 1740 1064 vectigal-

130 1076 226 1118 ibus
256 1078 531 1132 prospexisse,
554 1077 637 1118 nisi
667 1078 746 1118 hoc
767 1077 898 1118 vellet
926 1076 1147 1118 ostendere
1174 1081 1216 1117 te
1237 1075 1465 1130 vectigalia
1493 1074 1737 1129 perdidisse.

132 1141 247 1188 Quid
271 1143 385 1183 enim
413 1149 504 1184 erat
533 1144 648 1198 quod
662 1139 949 1197 *vectigalibus
976 1142 1234 1197 prospiceret
1256 1140 1456 1181 Metellus
1483 1139 1529 1179 in
1554 1140 1741 1181 decumis

131 1213 174 1249 et
209 1208 254 1249 in
289 1213 379 1249 tota
414 1224 460 1249 re
490 1208 784 1257 frumentaria,
817 1208 853 1249 si
884 1208 964 1249 iste
999 1222 1085 1248 non
1116 1206 1343 1261 vectigalia
1378 1204 1525 1260 populi
1555 1204 1740 1246 Romani

131 1278 309 1328 quaestu
339 1289 412 1314 suo
442 1273 748 1328 pervertisset?
806 1272 951 1328 Atque
984 1273 1072 1327 ipse
1103 1271 1317 1320 Metellus,
1350 1270 1425 1326 qui
1459 1270 1741 1325 vectigalibus

130 1339 346 1394 prospicit,
379 1339 454 1394 qui
482 1338 667 1394 reliquos
698 1343 883 1380 aratores
914 1338 1093 1394 colligit,
1126 1337 1230 1393 quid
1260 1335 1497 1391 assequitur
1527 1335 1612 1376 nisi
1646 1336 1737 1385 hoe,

129 1409 179 1445 ut
195 1409 316 1445 arent
338 1403 374 1446 si
394 1404 468 1460 qui
488 1409 664 1459 possunt
679 1404 835 1460 quibus
856 1409 1047 1446 aratrum
1068 1403 1219 1445 saltem
1240 1401 1412 1457 aliquod
1432 1401 1598 1442 satelles
1618 1401 1741 1442 istius

130 1469 349 1525 Apronius
370 1470 580 1526 reliquum
599 1469 712 1519 fecit,
731 1470 806 1525 qui
827 1475 970 1511 tamen
991 1469 1037 1510 in
1059 1468 1174 1524 agris
1195 1483 1268 1523 spe
1285 1474 1412 1522 atque
1426 1461 1740 1522 exspectatione

130 1534 298 1577 Metelli
319 1541 613 1576 remanserunt
628 1536 647 1578 ⁸?
689 1536 804 1582 Quid
816 1535 946 1577 ceteri
962 1534 1094 1576 Siculi
1109 1535 1128 1575 P
1156 1533 1260 1589 quid
1276 1532 1348 1573 ille
1364 1532 1576 1573 maximus
1592 1547 1738 1573 nume-

130 1616 202 1642 rus
233 1606 460 1650 aratorum,
492 1601 568 1656 qui
602 1617 689 1643 non
727 1602 850 1642 modo
881 1616 935 1642 ex
971 1600 1087 1656 agris
1118 1599 1242 1656 ejecti
1279 1603 1392 1647 sunt,
1424 1598 1497 1638 sed
1526 1597 1655 1638 etiam
1686 1613 1740 1638 ex

130 1666 375 1708 civitatibus
416 1667 514 1716 suis,
547 1683 601 1708 ex
629 1667 850 1722 provincia
880 1666 1064 1721 denique
1094 1665 1216 1706 bonis
1247 1663 1513 1717 fortunisque
1544 1663 1739 1703 omnibus

130 1732 286 1787 ereptis
315 1732 612 1787 profugerunt,
636 1747 719 1787 qua
749 1732 913 1773 ratione
939 1732 970 1772 ii
995 1729 1341 1772 revocabuntur?
1372 1734 1474 1783 quot
1495 1733 1737 1782 praetorum

130 1797 374 1839 innocentia
405 1797 696 1852 sapientiaque
727 1812 830 1852 opus
860 1802 924 1838 est
953 1802 1002 1837 ut
1032 1796 1106 1837 illa
1137 1801 1351 1836 aratorum
1387 1793 1618 1833 multitudo
1659 1792 1735 1833 ali—

130 1864 301 1919 quando
321 1864 367 1904 in
388 1863 473 1904 suis
494 1863 607 1917 agris
629 1878 676 1903 ac
698 1863 865 1903 sedibus
886 1862 1114 1903 collocetur
1131 1861 1150 1901 P
1209 1860 1327 1900 LVI.
1361 1859 1425 1899 Ac
1447 1873 1500 1899 ne
1521 1858 1737 1898 miremini

130 1934 297 1971 tantam
328 1928 649 1969 multitudinem
678 1927 916 1982 profugisse
946 1931 1151 1981 quantam
1181 1939 1234 1966 ex
1264 1923 1399 1965 literis
1429 1922 1610 1978 publicis
1643 1938 1733 1964 ara-

131 2001 356 2050 torumque
396 1993 726 2050 professionibus
766 1991 1037 2048 cognovistis,
1071 1990 1218 2032 seitote
1254 1995 1420 2031 tantam
1460 1988 1734 2030 acerbitatem

129 2128 221 2149 mum
237 2117 430 2154 advertere,'
454 2117 513 2156 Lg.
535 2117 587 2146 42.
634 2115 719 2146 Both
745 2114 909 2145 ‘animum

130 2161 321 2192 advertere'
345 2161 409 2191 and
431 2158 732 2191 ‘aiiimadvertere’
757 2169 853 2188 occur
876 2159 909 2188 in

129 2205 188 2236 the
205 2205 300 2235 MSS.
346 2205 414 2234 'l'hc
438 2204 532 2239 form,
556 2203 569 2233 l
593 2212 738 2242 suppose,
761 2212 824 2231 was
846 2201 909 2231 ori-

129 2248 253 2289 ginally
272 2248 434 2278 ‘animum
451 2246 642 2277 advertere!

174 2290 371 2331 deminuta]
415 2289 648 2320 “‘diminuta'
673 2288 756 2327 ng.
781 2290 910 2328 praeter

130 2335 368 2375 49'’(lordan).
386 2334 505 2373 Zumpt
516 2331 910 2371 assentsto(hidcndm-p’s

130 2377 259 2408 remark
278 2378 342 2417 (Ad
364 2376 511 2406 Suetonii
532 2376 711 2409 Caesarem,
729 2386 755 2404 c.
773 2375 818 2413 5),
835 2374 910 2404 that

130 2421 224 2451 there
235 2421 260 2450 is
273 2420 352 2451 both
366 2424 374 2436 ‘
385 2419 586 2449 deminuerc’
600 2418 663 2448 and
676 2422 684 2433 ‘
696 2417 876 2447 diminuere
887 2417 907 2453 ;'

131 2463 196 2493 and
219 2463 286 2493 this
308 2473 381 2503 may
398 2463 437 2492 be
462 2462 584 2501 rendily
601 2461 773 2495 admitted,
796 2461 845 2490 for
862 2471 908 2490 we

132 2506 214 2536 have
232 2510 239 2522 ‘
251 2506 454 2541 describere,'
471 2510 479 2521 ‘
493 2505 666 2534 discribere
679 2504 708 2538 ;''
727 2509 734 2520 ‘
748 2503 907 2543 dejicere,’

133 2549 332 2589 ‘disin-eres
371 2549 435 2578 and
465 2558 560 2588 many
593 2547 687 2577 other
717 2547 780 2577 like
812 2547 908 2586 puirs‘.

133 2596 141 2609 ‘
156 2592 373 2627 Deminuere‚'
390 2591 565 2630 according
580 2592 615 2620 to
630 2590 838 2629 Oudendorp,
855 2600 909 2630 ap-

132 2636 212 2676 plies
235 2639 270 2665 to
293 2646 311 2665 a
335 2635 431 2673 thing
454 2635 537 2663 from
555 2633 658 2663 which
676 2633 861 2671 wmething
885 2633 910 2662 is

132 2679 253 2714 taken;
285 2677 508 2712 ‘‹liminuere,'
540 2680 574 2707 to
605 2687 621 2706 a
654 2676 751 2715 thing
781 2676 857 2706 that
884 2676 910 2706 is

132 2721 305 2761 destroyed
329 2721 368 2761 by
387 2721 443 2750 the
466 2720 656 2750 dissolution
672 2720 709 2749 of
729 2719 785 2749 the
808 2722 909 2759 parts.

134 2765 169 2795 If
196 2765 261 2795 this
292 2765 317 2794 is
344 2775 388 2799 so,
417 2774 463 2793 wc
490 2763 594 2802 ought
625 2762 762 2802 perhaps
791 2765 823 2793 to
853 2773 908 2803 say

133 2808 333 2838 ‘deminutio
364 2807 501 2846 eapitisss
531 2806 595 2836 and
626 2808 683 2836 not
714 2806 909 2836 ‘diminutio

132 2851 249 2892 capitis
259 2851 279 2888 ;’
306 2851 367 2881 but
388 2850 454 2881 this
470 2852 593 2880 matter
609 2849 635 2879 is
649 2849 716 2880 still
732 2849 908 2880 unsettled.

955 2114 1098 2155 savigny
1130 2113 1288 2149 observes,
1328 2113 1394 2142 “in
1425 2112 1482 2142 the
1514 2111 1609 2142 MSS.
1641 2111 1733 2142 there

954 2168 1052 2187 occur
1083 2160 1148 2187 two
1178 2157 1287 2187 modes
1317 2156 1354 2185 of
1380 2156 1515 2193 writing
1539 2155 1605 2186 this
1633 2155 1732 2189 word,

955 2200 1176 2231 ‘deminutio’
1208 2200 1271 2230 and
1303 2198 1521 2229 ‘dimimltio.'
1578 2198 1677 2238 Hugo
1708 2199 1734 2228 is

954 2244 1121 2284 decidedly
1147 2244 1179 2273 in
1207 2244 1321 2273 favour
1347 2243 1384 2272 of
1410 2242 1467 2272 the
1497 2242 1630 2272 latter.‘’
1677 2243 1732 2272 Sa—

954 2288 1053 2327 vigny
1072 2287 1098 2316 is
1113 2287 1150 2316 of
1161 2287 1290 2326 opinion
1308 2286 1378 2316 that
1399 2285 1455 2316 the
1474 2285 1615 2315 Romans
1631 2289 1733 2315 wrote

955 2331 1011 2361 the
1029 2330 1117 2360 word
1133 2330 1212 2360 both
1230 2341 1316 2370 ways
1334 2330 1488 2370 (system,
1506 2331 1562 2359 ac.
1579 2329 1611 2358 ii.
1628 2339 1659 2368 p.
1678 2329 1732 2365 (31,

954 2374 1056 2413 note).

994 2418 1110 2447 sallem
1130 2439 1136 2446 .
1155 2439 1162 2446 .
1178 2416 1225 2457 si]
1273 2416 1452 2446 whatever
1477 2415 1612 2445 ‘saltem
1626 2414 1634 2427 ’
1656 2425 1730 2455 may

952 2470 1057 2496 mean,
1088 2460 1201 2490 Cicero
1231 2459 1322 2489 often
1353 2469 1515 2499 expresses
1553 2458 1609 2488 the
1645 2468 1732 2487 sanic

953 2504 1064 2534 notion
1093 2503 1167 2533 that-
1194 2503 1234 2532 he.
1261 2503 1318 2532 has
1344 2502 1420 2532 here
1446 2502 1487 2542 by
1513 2501 1570 2532 the
1594 2501 1731 2531 t'ornmla

954 2546 1101 2582 ‘sirimv
1118 2557 1152 2576 as
1168 2546 1200 2576 in
1219 2556 1245 2576 e.
1263 2547 1314 2581 52,
1340 2550 1347 2562 ‘
1363 2546 1395 2575 Si
1413 2545 1595 2575 Siculorum
1614 2568 1621 2574 .
1640 2567 1646 2574 .
1666 2557 1672 2573 ε
1697 2548 1731 2574 at

954 2590 1031 2625 vos‚’
1063 2591 1118 2620 ἃς.
1180 2589 1323 2620 Fui-ther
1352 2599 1393 2618 on
1425 2589 1457 2618 in
1489 2588 1555 2618 this
1585 2588 1731 2627 chapter.

955 2633 1092 2673 ‘quibus
1108 2635 1255 2663 aratrum
1272 2631 1410 2664 salton?
1428 2636 1435 2648 ‘
1449 2631 1563 2661 saltem
1576 2631 1583 2643 '
1608 2631 1633 2660 is
1655 2630 1733 2660 used

954 2676 1048 2707 there
1065 2687 1098 2706 as
1114 2676 1227 2706 Cicero
1242 2676 1332 2705 osten
1349 2685 1420 2704 uses
1437 2680 1444 2690 “
1458 2674 1591 2704 tamen)

997 2722 1131 2759 quaestu
1156 2718 1230 2759 mm]
1279 2719 1399 2757 Zumpt·
1419 2717 1483 2747 and
1511 2717 1627 2747 lordan
1651 2716 1732 2746 have

955 2766 1033 2793 ‘suo
1055 2762 1216 2803 ‹piaestu,'
1240 2762 1323 2791 from
1351 2761 1409 2800 hg.
1435 2762 1487 2796 42,
1516 2760 1622 2789 which
1646 2770 1732 2788 some

953 2816 1027 2847 may
1044 2806 1216 2845 prefer.—‘
1229 2808 1373 2835 aratores
1394 2803 1544 2845 eollegit’
1567 2804 1594 2833 A
1622 2803 1647 2833 13
1674 2802 1732 2842 hg.

953 2850 1006 2886 29,
1025 2849 1134 2880 Klotz.
