1849 3167
75 132 160 174 274
680 125 750 168 IN
781 124 826 167 C.
860 121 1117 166 VERREM

74 250 138 288 est
158 249 206 286 ut
227 242 382 285 Latine
401 256 486 283 uno
506 241 635 282 verbo
656 238 840 295 exprimi
859 253 946 279 non
965 235 1109 292 possit.
1170 234 1216 276 Is
1236 239 1299 277 est
1318 235 1522 277 nimirum
1544 248 1677 277 sorim

73 310 148 366 qui
169 309 348 350 salutem
369 307 498 349 dedit.
531 306 674 362 Hujus
695 304 865 346 nomine
881 302 1011 344 etiam
1031 300 1120 342 dies
1137 299 1234 341 festi
1254 301 1485 356 agitantur,
1500 301 1679 356 pulchra

73 375 149 417 illa
169 373 335 424 Verria,
357 388 444 414 non
471 372 591 428 quasi
612 369 844 418 Marcellia,
868 368 940 409 sed
960 382 1038 422 pro
1059 365 1304 416 Marcelliis,
1327 382 1434 422 quae
1461 366 1527 407 illi
1556 366 1678 407 istius

70 441 192 498 jussu
212 439 485 482 sustulerunt.
547 437 689 492 Hujus
710 434 853 476 fornix
874 433 920 473 in
936 432 1027 473 foro
1049 431 1267 487 Syracusis
1288 437 1350 473 est
1370 432 1414 473 in
1437 447 1519 487 quo
1539 432 1678 472 nudus

75 507 189 548 filius
210 511 306 555 stat,
329 505 418 561 ipse
440 508 582 545 autem
602 517 655 543 ex
676 515 782 555 equo
802 499 1009 539 nudatam
1037 498 1089 538 ab
1104 499 1152 538 'se
1172 496 1435 552 provinciam
1462 496 1676 552 prospicit.

76 571 220 628 Hujus
236 576 398 612 statuae
413 568 515 610 locis
537 567 743 614 omnibus,
758 579 865 620 quae
878 563 957 605 1100
979 563 1267 604 demonstrare
1279 561 1503 603 videantur
1528 576 1677 616 prope-

74 638 250 679 modum
279 650 366 677 non
397 634 539 676 minus
565 631 722 673 multas
750 634 910 671 statuas
940 629 1070 670 istum
1101 627 1287 683 posuisse
1308 626 1525 682 Syracusis
1552 640 1681 681 quam
1730 678 1733 681 Ἴ

76 701 309 744 abstulisse.
373 699 488 740 Huic
510 697 639 739 etiam
654 696 815 737 Romae
836 694 1028 735 videmus
1048 692 1095 733 in
1115 692 1206 734 basi
1227 696 1462 733 statuarum
1482 690 1681 732 maximis

75 767 213 809 literis
243 765 437 814 incisum,
471 768 520 804 ‘a
550 760 766 804 communi
795 759 965 801 Siciliae
989 758 1137 799 datas?
1200 757 1484 803 Quamobrem
1505 757 1578 812 qui
1602 757 1681 797 1100

76 832 248 889 probari
281 834 420 886 potest
453 829 652 884 cuiquam
686 831 830 868 tantos
868 825 1049 867 honores
1089 822 1256 864 habitos
1296 838 1383 864 esse
1416 822 1468 863 ab
1499 822 1647 863 invitis
1662 821 1682 862 Ρ

77 897 241 940 LXIV.
274 896 358 937 Hic
389 895 470 937 tibi
500 894 631 936 etiam
659 892 795 934 multo
825 890 964 946 magis
994 905 1123 945 quam
1152 888 1279 944 paulo
1310 892 1408 929 ante
1428 887 1474 928 in
1504 886 1680 928 aratori-

76 965 154 1005 bus
184 962 417 1004 videndum
448 966 490 1002 et
521 958 873 1001 considerandum
903 961 966 997 est
997 955 1101 1011 quid
1130 954 1248 996 velis.
1310 954 1474 1008 Magna
1509 968 1575 994 res
1606 957 1680 994 est.

77 1029 238 1071 Utrum
261 1027 341 1069 tibi
362 1026 523 1068 Siculos
550 1024 718 1080 publice
742 1022 1029 1078 privatimque
1055 1020 1209 1062 amicos
1235 1035 1290 1061 an
1316 1019 1510 1060 inimicos
1537 1017 1682 1059 existi-

77 1094 187 1136 mari
216 1094 315 1135 vis?
375 1092 420 1133 Si
449 1091 656 1140 inimicos,
679 1089 782 1145 quid
812 1093 855 1129 te
876 1087 1070 1128 futurum
1100 1086 1196 1127 est?
1227 1100 1309 1140 quo
1330 1083 1582 1139 confugies?
1611 1082 1685 1124 ubi

78 1160 249 1201 nitere?
308 1158 437 1199 Modo
459 1161 673 1198 aratorum
702 1153 1097 1196 honestissimorum
1125 1151 1350 1192 hominum
1371 1165 1419 1191 ae
1445 1148 1684 1204 locupletis-

81 1226 284 1267 simorum
311 1228 353 1264 et
374 1222 610 1264 Siculorum
632 1225 674 1262 et
700 1220 858 1261 civium
886 1218 1178 1259 Romanorum
1200 1215 1437 1257 maximum
1460 1229 1685 1255 numerum

81 1292 155 1332 abs
184 1295 227 1331 te
258 1288 531 1331 abalienasti:
563 1301 677 1327 nunc
708 1286 759 1326 de
791 1284 942 1325 Siculis
963 1282 1208 1324 civitatibus
1232 1281 1337 1336 quid
1366 1280 1500 1335 ages?
1559 1279 1686 1320 Dices

80 1356 163 1397 tibi
192 1355 353 1397 Siculos
384 1369 470 1395 esse
501 1351 689 1393 amicos?
719 1350 794 1405 qui
822 1349 1014 1404 poteris?
1044 1347 1119 1403 qui
1149 1347 1262 1402 quod
1291 1345 1409 1386 nullo
1438 1345 1485 1385 in
1514 1344 1686 1385 homine

83 1426 208 1463 antea
228 1421 428 1469 fecerant,
443 1423 492 1459 ut
512 1418 559 1458 in
580 1432 676 1458 eum
696 1415 864 1471 publice
879 1413 1172 1455 testimonium
1192 1411 1394 1460 dicerent,
1412 1425 1543 1465 quum
1564 1425 1685 1465 prae-

83 1486 230 1528 sertim
250 1502 304 1527 ex
323 1501 371 1527 ea
390 1482 609 1540 provincia
631 1479 902 1523 condemnati
923 1479 1008 1520 sint
1029 1477 1276 1532 complureS,
1300 1476 1375 1531 qui
1394 1475 1455 1517 ibi
1474 1480 1688 1530 praetores

83 1553 270 1601 fuerunt,
293 1552 375 1592 duo
397 1550 474 1592 soli
495 1548 689 1598 absoluti,
706 1547 755 1588 hi
774 1561 890 1587 nunc
910 1544 1090 1586 veniunt
1110 1558 1207 1585 eum
1226 1542 1374 1592 literis,
1391 1542 1570 1583 veniunt
1591 1556 1688 1582 cum

83 1617 308 1667 mandatis,
324 1616 502 1658 veniunt
523 1630 619 1656 cum
639 1612 892 1655 testimoniis
912 1610 1116 1666 publicis3
1146 1609 1220 1664 qui
1241 1608 1277 1649 si
1296 1613 1338 1649 te
1353 1607 1521 1663 publice
1540 1606 1686 1647 lauda-

85 1688 193 1733 rent,
216 1687 360 1724 tamen
386 1681 432 1722 id
451 1695 567 1721 more
588 1679 726 1734 potius
749 1693 822 1720 suo
843 1692 973 1732 quam
991 1675 1143 1716 merito
1164 1679 1237 1715 tuo
1257 1673 1395 1715 faeere
1414 1673 1687 1723 viderentur3

84 1748 132 1790 hi
162 1763 294 1803 quum
323 1747 375 1788 de
405 1745 490 1787 tuis
521 1744 643 1786 factis
672 1743 841 1799 publice
867 1744 1196 1797 conqueruntur,
1217 1754 1358 1780 nonne
1387 1738 1467 1780 1100
1497 1737 1690 1779 indicant

85 1819 227 1856 tantas
248 1828 335 1855 esse
355 1811 534 1868 injurias
554 1815 602 1852 ut
622 1810 757 1851 multo
778 1808 1009 1850 maluerint
1037 1807 1088 1848 de
1109 1821 1183 1848 suo
1204 1820 1320 1846 more
1342 1804 1540 1845 decedere
1562 1818 1690 1858 quam

87 1880 139 1920 de
159 1878 244 1920 tuis
264 1877 451 1920 moribus
471 1892 559 1918 non
579 1876 718 1917 dicere
733 1876 753 1916 Ρ
800 1873 1100 1916 Confitendum
1120 1876 1182 1913 est
1202 1870 1338 1926 igitur
1358 1869 1438 1911 tibi
1457 1867 1691 1910 necessario

88 1944 249 1986 Siculos
269 1942 464 1984 inimicos
483 1957 571 1984 esse
591 1941 666 1997 qui
685 1940 859 1996 quidem
879 1943 921 1980 et
940 1938 988 1979 in
1014 1942 1056 1979 te
1078 1935 1329 1993 gravissima
1357 1933 1571 1990 postulata
1591 1948 1688 1975 con-

89 2091 217 2132 though
233 2091 260 2121 it
276 2091 350 2121 does
362 2089 611 2121 sometimes.—‘
621 2098 778 2129 magnum
795 2088 844 2118 est
856 2086 865 2100 ’

88 2135 130 2171 V,
161 2135 188 2164 is
216 2134 326 2164 better
355 2134 437 2164 than
468 2133 588 2172 Zumpt
625 2132 690 2162 and
720 2130 867 2161 Iordan's

91 2177 285 2218 ‘magnum'
307 2177 448 2207 without
469 2175 702 2206 ‘ests—From
718 2174 748 2203 V
768 2173 867 2203 Klotz

89 2221 183 2251 takes
200 2220 245 2249 ‘is
261 2221 309 2250 est
326 2219 411 2249 enim
426 2218 603 2255 nimirum,'
615 2217 722 2248 which
737 2217 795 2247 has
810 2216 868 2246 the

90 2262 387 2294 recommendation
411 2262 448 2292 of
472 2262 570 2301 being
600 2261 785 2300 something
809 2269 869 2289 un-

92 2316 250 2337 common.

126 2347 266 2389 fornix]
293 2347 345 2377 An
371 2347 449 2377 arch
474 2346 508 2377 in
533 2346 659 2377 honour
683 2346 720 2376 of
741 2346 869 2381 Verres,

92 2392 157 2422 like
180 2392 237 2422 the
261 2390 421 2420 Fabianus
445 2392 479 2419 at
503 2389 615 2425 Rome,
632 2390 738 2419 which
759 2388 871 2419 Cicero

92 2436 183 2466 often
205 2433 377 2464 mentions,
424 2432 457 2462 It
480 2442 580 2462 seems
602 2432 677 2462 that
701 2443 743 2462 an
758 2441 868 2471 eques-

93 2478 182 2509 trian
198 2479 306 2507 statue
322 2476 358 2505 of
370 2475 487 2505 Verres
502 2485 566 2504 was
581 2475 694 2514 placed
709 2485 796 2514 upon
811 2474 868 2504 the

93 2521 182 2557 arch,
192 2519 299 2550 which
315 2519 341 2548 is
357 2518 413 2548 the
425 2518 500 2558 only
512 2517 704 2557 intelligible
719 2518 869 2557 explana-

90 2565 161 2595 tion
177 2564 213 2594 of
224 2563 280 2594 the
294 2571 438 2602 passage.

138 2618 158 2637 a
175 2605 332 2637 communi
349 2628 356 2634 .
375 2627 382 2634 .
399 2602 526 2644 datas]
574 2602 693 2633 Iordan
712 2604 789 2642 puts
804 2602 870 2633 this

93 2651 128 2681 in
144 2649 288 2690 capitals,
306 2658 339 2678 as
355 2647 384 2677 if
395 2647 474 2688 they
485 2656 570 2676 were
585 2646 642 2676 the
658 2648 751 2676 exact
767 2645 871 2675 words

92 2694 130 2724 of
154 2694 212 2724 the
242 2690 442 2731 inscription.
498 2689 602 2719 There
627 2689 735 2729 might
764 2688 804 2718 be
829 2698 871 2718 no

93 2747 182 2769 more
198 2736 280 2766 than
297 2738 334 2764 ‘a
350 2732 512 2764 communi
529 2732 676 2762 Siciliae?

145 2778 358 2817 Quamobrem
380 2777 434 2816 qui
462 2775 534 2817 csta]
582 2775 650 2805 The
676 2773 730 2805 old
750 2773 871 2804 editors

94 2821 292 2852 understood
314 2820 381 2851 this
396 2819 498 2859 right.
542 2818 610 2848 The
633 2818 716 2848 later
739 2817 870 2853 editors,

95 2876 129 2895 as
150 2865 270 2904 Zumpt
290 2863 448 2900 observe3‚
464 2861 585 2903 spoiled
606 2861 664 2893 the
684 2870 773 2892 sense
792 2859 836 2901 by
852 2869 871 2891 a

910 2087 987 2116 note
1011 2084 1048 2115 of
1067 2083 1306 2123 interrogation
1330 2082 1415 2113 after
1440 2081 1690 2122 ‘quamobrem.’

911 2129 979 2159 The
995 2128 1131 2167 reading
1146 2127 1183 2157 of
1195 2126 1304 2162 Klotz,
1319 2125 1404 2156 from
1420 2125 1460 2161 V,
1477 2125 1504 2154 is
1520 2128 1530 2142 ‘
1541 2135 1638 2165 quam
1650 2124 1691 2154 ob

911 2182 980 2202 rem
997 2171 1052 2211 qui
1067 2171 1128 2200 hoc
1142 2170 1279 2210 probare
1294 2171 1385 2209 potes
1395 2168 1404 2181 ’
1422 2168 1477 2198 &e.

956 2215 1008 2245 64.
1034 2214 1165 2253 Magna
1189 2223 1242 2243 res
1262 2211 1335 2253 εἷπε]
1387 2210 1530 2250 ‘Magna
1555 2220 1606 2240 res
1630 2212 1690 2246 est,

913 2259 1027 2287 utrum
1041 2279 1048 2286 .
1062 2279 1070 2286 .
1082 2255 1260 2286 existimari
1272 2255 1350 2284 velis
1359 2254 1368 2267 ³
1387 2253 1516 2284 Iordan.
1542 2253 1609 2283 But
1624 2253 1691 2283 this

913 2300 1066 2340 pointing
1088 2299 1115 2329 is
1130 2298 1204 2328 bad.
1250 2301 1259 2314 ‘
1269 2297 1357 2327 Veh’s
1367 2297 1376 2310 '
1392 2297 1419 2326 is
1434 2296 1492 2326 the
1508 2297 1644 2336 reading
1659 2296 1697 2326 of

915 2343 976 2383 Lg.
993 2344 1035 2372 42
1050 2352 1081 2382 p.
1097 2352 1140 2371 m.
1157 2341 1223 2371 and
1237 2340 1278 2370 V.
1323 2340 1391 2370 The
1407 2341 1473 2369 rest
1489 2339 1571 2369 have
1589 2343 1597 2356 ‘
1607 2339 1677 2369 vis?

959 2385 1037 2425 quid
1052 2385 1245 2424 refecturum
1260 2385 1309 2413 est
1321 2382 1350 2424 ?]
1399 2382 1555 2422 Compare
1572 2383 1644 2412 Lib.
1662 2383 1691 2412 1.

913 2438 941 2459 0.
958 2429 1009 2464 16,
1027 2431 1037 2445 ‘
1047 2427 1133 2465 Quid
1148 2427 1208 2457 hoc
1223 2427 1353 2456 homine
1369 2425 1496 2456 faciatis
1508 2426 1538 2456 ,Ψ
1555 2426 1619 2456 and
1634 2425 1692 2455 the

912 2473 1055 2502 note.—‘
1067 2470 1122 2500 ubi
1135 2470 1240 2500 nitere
1255 2469 1268 2500 Ρ
1289 2469 1456 2506 Quomodo
1468 2469 1482 2499 ?
1505 2471 1671 2499 aratorum
1682 2468 1691 2481 '

914 2514 969 2544 &c.
995 2514 1104 2550 Klotz,
1130 2512 1295 2554 following
1317 2512 1357 2549 V,
1382 2523 1415 2542 as
1438 2512 1468 2542 if
1486 2512 1514 2542 it
1536 2522 1620 2542 were
1642 2511 1691 2541 in-

912 2557 1044 2588 fallible.

959 2600 1013 2640 qui
1044 2598 1128 2639 quod
1145 2622 1152 2630 .
1171 2622 1177 2629 .
1195 2622 1202 2629 .
1219 2599 1253 2629 hi
1279 2598 1378 2639 mmo]
1425 2598 1457 2629 V
1482 2598 1539 2628 has
1567 2597 1609 2627 ‘ii
1621 2597 1629 2610 ³
1657 2597 1692 2627 in

914 2643 1004 2684 place
1027 2643 1063 2673 of
1083 2642 1157 2678 ‘hi,’
1178 2642 1238 2673 but
1267 2642 1327 2672 ‘ii’
1351 2642 1378 2672 is
1401 2652 1419 2672 a
1442 2641 1520 2672 false
1545 2640 1692 2680 reading.

916 2686 1072 2726 Compare
1100 2695 1126 2715 c.
1153 2685 1206 2721 66,
1235 2690 1243 2702 ‘
1254 2684 1519 2715 Tauromenitani
1537 2707 1543 2714 .
1562 2707 1569 2714 .
1586 2683 1641 2723 qui
1659 2706 1666 2713 .
1684 2706 1691 2713 .

914 2729 971 2760 hi.’
1017 2729 1033 2759 Ι
1050 2727 1147 2759 think
1164 2732 1173 2745 ‘
1183 2728 1216 2758 hi
1227 2728 1236 2741 '
1252 2728 1279 2758 is
1295 2728 1460 2768 generally
1476 2726 1634 2766 supposed
1656 2728 1692 2756 to

913 2772 954 2803 be
971 2782 990 2802 a
1004 2771 1181 2812 repetition
1197 2771 1234 2801 of
1253 2774 1262 2789 ‘
1273 2771 1327 2811 qui
1338 2771 1358 2807 ;'
1381 2771 1443 2802 but
1466 2773 1476 2788 ‘
1488 2769 1562 2811 qui'
1585 2769 1612 2800 is
1634 2768 1692 2799 the

914 2814 1113 2847 nominative
1128 2817 1164 2845 to
1181 2818 1189 2831 ‘
1199 2813 1366 2847 fecerant.¹
