1849 3167
127 125 211 166 250
721 121 789 164 IN
821 121 866 163 O.
901 120 1156 164 VERREM

124 242 275 293 posset.
336 237 450 279 Nam
470 236 506 278 si
535 236 597 278 ita
616 235 889 277 defenderet:
922 234 1062 289 recepi
1091 248 1248 275 nomen
1275 234 1486 286 absentis3
1518 234 1618 277 licet
1648 235 1728 277 hoc

124 304 218 345 fieri
247 303 294 344 in
322 303 566 358 provincia;
600 302 719 343 nulla
750 302 821 343 lex
855 305 998 350 vetat;
1035 299 1150 340 mala
1185 303 1227 340 et
1262 298 1455 353 improba
1484 300 1728 342 defensione

125 385 274 411 verum
304 369 447 425 aliqua
478 373 621 410 tamen
652 368 717 408 uti
744 367 974 409 videretur.
1035 365 1256 406 Postremo
1285 364 1360 406 illo
1390 366 1729 421 desperatissimo

123 434 321 490 perfugio
342 433 407 475 uti
426 438 578 488 posset,
602 448 644 474 50
672 432 987 486 imprudentem
1016 429 1175 479 fecisse,
1208 429 1470 472 existimasse
1501 431 1545 472 id
1574 431 1726 472 licere:

125 514 384 555 quamquam
423 499 529 540 haec
577 496 863 553 perditissima
903 495 1092 536 defensio
1133 499 1208 544 est,
1260 500 1403 537 tamen
1442 496 1604 551 aliquid
1644 495 1729 537 dici

123 565 351 607 videretur.
413 564 543 606 Tollit
575 578 628 604 ex
663 561 819 604 tabulis
849 561 893 602 id
924 561 1038 617 quod
1070 565 1173 610 erat,
1212 559 1297 616 [et]
1336 561 1439 603 facit
1471 577 1612 604 coram
1641 577 1729 604 esse

123 631 324 672 delatum.

181 696 329 737 XLII.
361 695 447 736 Hic
468 694 609 735 videte
639 692 685 733 in
716 696 819 747 quot
846 706 889 733 se
909 690 1082 746 laqueos
1102 690 1303 741 induerit,
1327 706 1507 746 quorum
1527 707 1580 733 ex
1609 692 1728 734 nullo
1779 689 1783 692 “

125 778 167 804 50
188 777 378 817 unquam
398 760 629 815 expediret.
663 784 665 787 .
691 758 889 799 Primum
918 756 1008 812 ipse
1038 757 1085 798 in
1115 756 1260 798 Sicilia
1290 772 1413 812 saepe
1434 762 1476 798 et
1504 758 1646 812 palam
1675 759 1728 799 de

124 828 215 869 1000
254 826 467 882 superiore
498 825 665 866 dixerat
695 829 738 865 et
768 823 816 864 in
850 838 1042 865 sermone
1075 822 1224 864 multis
1255 821 1370 863 idem
1405 822 1727 873 demonstrarat,

126 893 254 934 licere
275 906 430 934 nomen
460 890 646 946 recipere
668 889 878 931 absentis:
910 904 953 930 50
974 888 1168 943 exemplo
1187 887 1421 929 multorum
1440 888 1585 930 fecisse
1615 890 1729 944 quod

128 959 308 1000 fecisset.
372 957 493 998 Haec
529 971 626 998 eum
666 955 881 997 dictitasse
913 953 1054 1009 priore
1075 953 1252 1007 gactione
1284 958 1327 994 et
1366 952 1462 994 Sex.
1500 953 1729 1009 Pompeius

125 1024 305 1065 Chlorus
336 1023 461 1072 dixit,
494 1023 546 1063 de
567 1021 687 1078 cujus
707 1020 869 1063 virtute
900 1024 1025 1061 antea
1055 1018 1395 1069 commemoravi,
1418 1023 1460 1060 et
1491 1018 1568 1060 On.
1600 1019 1727 1060 Pom-

123 1091 243 1146 peius
279 1089 535 1138 Theodorus,
576 1087 703 1129 homo
744 1091 786 1128 et
827 1085 904 1127 On.
946 1084 1142 1140 Pompeii
1182 1083 1408 1126 clarissimi
1446 1084 1531 1126 viri
1566 1084 1730 1140 judicio

123 1155 319 1211 plurimis
339 1153 622 1208 maximisque
651 1152 698 1193 in
718 1153 842 1194 rebus
872 1150 1192 1207 probatissimus
1219 1155 1262 1191 et
1291 1150 1482 1191 omnium
1511 1150 1727 1192 existima-

124 1221 239 1262 tione
279 1219 583 1268 ornatissimus,
625 1223 668 1259 et
707 1217 882 1259 Posides
923 1217 1070 1258 Macro
1106 1214 1368 1265 Soluntinus,
1402 1215 1529 1257 homo
1564 1231 1729 1258 summa

123 1285 359 1334 nobilitate,
401 1283 725 1333 existimatione,
767 1283 954 1324 virtute:
996 1286 1038 1323 et
1077 1281 1157 1322 hac
1197 1280 1361 1322 actione
1408 1296 1536 1336 quam
1575 1281 1729 1323 voletis

124 1351 252 1392 multi
287 1350 442 1399 dicent,
477 1354 519 1390 et
551 1348 626 1404 qui
655 1364 708 1389 ex
743 1348 823 1389 isto
856 1347 947 1402 ipso
980 1347 1220 1396 audierunt,
1253 1346 1337 1387 viri
1368 1346 1564 1401 primarii
1592 1346 1729 1387 nostri

125 1416 297 1466 ordinis,
330 1421 372 1457 et
393 1415 467 1456 alii
496 1414 571 1470 qui
600 1413 887 1455 interfuerunt
907 1428 1039 1468 quum
1069 1411 1254 1453 absentis
1279 1426 1435 1452 nomen
1455 1411 1726 1467 reciperetur.

125 1482 291 1523 Deinde
321 1481 494 1530 Romae,
526 1495 658 1535 quum
687 1479 792 1520 haec
823 1483 917 1520 acta
946 1493 1012 1519 res
1043 1482 1150 1519 esset
1179 1477 1225 1517 in
1247 1481 1408 1526 senatU,
1431 1492 1576 1518 omnes
1606 1477 1729 1519 istius

125 1548 263 1598 amici,
285 1547 331 1589 in
351 1547 419 1588 his
440 1547 568 1588 etiam
587 1550 709 1601 pater
729 1545 819 1601 ejus
839 1544 918 1585 hoc
939 1543 1191 1585 defendebat
1211 1542 1337 1584 licere
1358 1542 1450 1583 fieri
1467 1558 1476 1593 ;
1506 1558 1628 1598 saepe
1641 1558 1730 1584 esse

126 1613 315 1663 factum3
346 1612 427 1653 iste
457 1612 570 1667 quod
606 1611 784 1661 fecisset,
818 1610 999 1651 aliorum
1030 1608 1223 1663 exemplo
1255 1608 1535 1663 institutoque
1567 1608 1726 1650 fecisse.

127 1679 246 1721 Dicit
266 1683 485 1734 praeterea
505 1676 798 1719 testimonium
817 1680 907 1717 tota
937 1674 1094 1725 Sicilia,
1117 1689 1224 1730 quae
1244 1673 1292 1714 in
1311 1673 1605 1715 communibus
1633 1689 1727 1730 pos-

949 1821 977 1853 is
993 1825 1003 1839 ‘
1014 1820 1228 1857 Soluntinus,’
1244 1820 1352 1851 which
1367 1820 1394 1851 is
1416 1822 1475 1851 not
1498 1819 1674 1860 according
1693 1821 1731 1850 to

171 1826 278 1867 recepi
295 1849 302 1857 .
320 1849 327 1856 .
346 1849 353 1856 .
371 1826 445 1856 lieet
456 1824 530 1867 (10]
563 1824 625 1865 Lg.
642 1824 684 1855 29
699 1823 796 1854 V.—‘
805 1821 906 1863 recipi

951 1866 1101 1906 anabgy,
1117 1865 1168 1895 for
1183 1864 1241 1895 the
1256 1874 1351 1894 name
1367 1864 1405 1895 of
1414 1864 1472 1894 the
1487 1863 1578 1904 place
1594 1863 1620 1893 15
1637 1864 1730 1894 Solus

127 1881 245 1901 nomen
261 1870 403 1900 absentis
418 1869 514 1899 licet:
531 1869 591 1899 hoc
604 1868 674 1898 fieri
690 1867 724 1897 in
739 1866 907 1907 provincia

128 1914 219 1944 nulla
247 1914 298 1943 lex
329 1914 422 1943 vetat
434 1913 443 1925 '
475 1912 606 1948 Iordan,
638 1911 711 1942 who
741 1911 799 1941 has
829 1910 907 1940 here

128 1957 249 1998 spoiled
265 1957 322 1987 the
337 1958 420 1987 text.

175 2001 345 2031 Postremo
370 1998 446 2039 illo]
494 1998 615 2038 Zumpt
645 1997 725 2028 adds
756 1996 907 2027 ‘tamen’

131 2044 216 2074 after
233 2048 241 2060 ‘
252 2043 327 2079 illo,'
343 2043 427 2073 from
444 2042 505 2082 Lg.
522 2042 564 2071 42
579 2052 610 2081 p.
627 2051 670 2071 m.

175 2088 227 2116 42.
250 2087 285 2116 in
301 2088 378 2126 quob
395 2109 402 2116 .
420 2108 427 2115 .
446 2108 452 2115 .
468 2083 641 2124 induerit,]
675 2083 832 2123 Compare
843 2082 908 2114 Pro

132 2130 282 2165 Murena,
299 2140 326 2159 c.
344 2129 373 2165 5,
390 2129 454 2159 and
470 2128 597 2164 Caesar,
615 2128 653 2157 B.
671 2127 709 2157 Gr.
725 2127 780 2156 vii.
797 2126 849 2158 73.

176 2171 371 2212 expediret]
412 2171 580 2211 ‘expediet
592 2171 601 2184 ³
633 2170 743 2206 KlotZ,
775 2169 907 2205 Iordan,

132 2215 216 2246 from
232 2215 272 2245 V.
300 2215 417 2245 Either
431 2214 567 2254 reading
582 2224 657 2254 may
672 2214 712 2243 be
728 2212 907 2253 explained.

133 2259 194 2299 Lg.
212 2259 253 2289 29
268 2258 297 2287 A
312 2258 394 2288 have
412 2257 533 2287 ‘videri
548 2256 736 2296 expediret.'

177 2302 216 2331 cle
233 2301 301 2331 loeo
319 2300 503 2340 superiore]
551 2300 628 2330 This
650 2310 725 2340 may
740 2299 781 2329 be
804 2298 910 2329 either

133 2345 191 2375 the
209 2344 358 2380 ‘rostra,'
382 2354 415 2373 as
431 2343 525 2373 when
548 2353 590 2373 an
612 2344 722 2373 orator
745 2342 910 2372 addresses

134 2388 192 2418 the
215 2387 336 2427 people,
361 2397 397 2417 or
426 2386 483 2416 the
509 2386 666 2422 tribunal,
692 2386 776 2415 from
801 2384 908 2415 which

134 2431 192 2461 the
209 2429 462 2470 ‘magistratus'
484 2429 626 2459 declares
645 2429 695 2458 his
710 2428 776 2458 will
786 2440 796 2464 ,ι
819 2438 853 2458 as
873 2427 908 2457 111

135 2474 207 2503 Lib.
231 2474 262 2503 4.
286 2483 313 2503 c.
337 2474 389 2509 40,
422 2472 482 2501 ‘de
505 2472 581 2501 sella
604 2482 641 2501 ac
664 2471 703 2501 de
725 2471 795 2501 1000
817 2480 909 2509 supe-

135 2516 240 2547 ri‹›re.’
286 2515 425 2546 Creuzer
455 2515 520 2544 and
546 2514 654 2544 Moser
678 2514 762 2544 refer
784 2516 820 2544 to
843 2513 910 2544 Cic.

136 2560 187 2589 Ad
218 2559 308 2589 Fam.
338 2559 384 2588 iii.
415 2559 445 2593 8,
478 2560 531 2587 ‘ct
558 2568 595 2587 cx
620 2557 782 2596 superiore
808 2559 842 2586 et
872 2566 911 2586 cx

135 2613 237 2643 aequo
257 2602 347 2632 loco.'
399 2601 439 2631 In
461 2601 519 2631 tho
542 2602 653 2630 senate
677 2610 696 2629 a
720 2610 795 2630 man
814 2599 912 2639 spoke

134 2650 143 2663 ‘
154 2657 192 2676 ex
208 2656 310 2685 aequo
324 2644 415 2675 loco.'

178 2689 262 2718 idem
287 2685 561 2726 denzonsffrarat‚]
608 2685 685 2715 This
703 2685 808 2715 ‘idem
821 2685 830 2697 ³
847 2685 912 2714 and

136 2732 333 2761 ‘multorum
344 2732 353 2744 ³
372 2730 530 2771 (exemplo
546 2728 739 2767 multorum)
757 2738 811 2757 are
827 2728 911 2757 from

137 2775 176 2805 V.
240 2774 356 2804 lordun
387 2774 485 2804 omits
519 2772 622 2803 ‘idem
636 2772 645 2784 ’
676 2771 740 2801 and
772 2775 779 2787 ⁶
792 2770 911 2800 multo-

135 2818 229 2848 rums

181 2860 400 2901 Soluntinus,]
448 2859 515 2890 The
527 2859 610 2889 form
627 2858 660 2888 in
677 2856 824 2898 Zumpt's
840 2857 912 2887 text

952 1907 1108 1949 (Σολόεις,
1131 1909 1260 1944 Σολοῦς,
1279 1906 1483 1948 Σολοῦντος),
1499 1907 1565 1937 like
1581 1906 1680 1947 Opus,
1697 1906 1735 1937 of

950 1952 1059 1982 which
1073 1952 1131 1982 the
1148 1951 1248 1981 Latin
1264 1951 1387 1981 Ethnic
1402 1961 1497 1981 name
1512 1950 1538 1980 is
1551 1949 1727 1990 Opuntius,

952 1996 1050 2026 From
1067 1995 1159 2025 Solus
1174 2005 1222 2025 we
1238 1994 1353 2024 should
1368 1994 1450 2024 have
1467 1993 1618 2024 Soluntii.
1660 1993 1729 2023 The

952 2039 1040 2069 coins
1055 2038 1092 2069 of
1107 2038 1199 2068 Solus
1214 2037 1297 2067 have
1312 2037 1370 2067 the
1385 2037 1503 2077 legend
1519 2035 1729 2068 Σολοντίνων.

952 2082 1020 2112 The
1035 2081 1126 2122 place
1138 2091 1203 2111 was
1219 2091 1261 2111 on
1276 2080 1334 2111 the
1349 2080 1449 2111 north
1465 2082 1554 2110 coast
1569 2079 1607 2110 of
1618 2079 1728 2119 Sicily,

952 2125 1101 2155 between
1131 2124 1335 2154 Panhormus
1365 2123 1430 2154 and
1456 2123 1626 2159 Thermae,
1656 2132 1730 2153 now

953 2168 1094 2199 Castello
1109 2167 1142 2197 di
1159 2167 1302 2197 Solanto.

998 2221 1095 2251 quam
1117 2210 1233 2241 voletis
1255 2208 1367 2249 multi]
1410 2211 1463 2238 ‘as
1484 2218 1584 2248 many
1608 2218 1642 2238 as
1664 2218 1729 2248 you

953 2254 1081 2294 please.'
1125 2253 1203 2283 This
1217 2253 1302 2283 form
1317 2252 1355 2282 of
1372 2251 1555 2291 expression
1577 2253 1667 2281 must
1689 2251 1730 2281 be

954 2296 1127 2337 compared
1141 2296 1223 2326 with
1240 2295 1298 2326 the
1315 2294 1381 2324 like
1397 2304 1468 2324 uses
1484 2294 1520 2324 of
1538 2298 1547 2310 ‘
1560 2294 1729 2334 quamvis?

954 2340 1030 2370 Also
1053 2340 1129 2370 Act.
1152 2339 1174 2369 i.
1191 2348 1218 2369 0.
1234 2339 1265 2374 8,
1291 2339 1469 2377 ‘quantam
1489 2337 1611 2367 vellent
1632 2347 1730 2377 pecu-

951 2383 1040 2414 niam
1049 2382 1071 2419 3’
1083 2382 1155 2412 Lib.
1167 2382 1196 2412 2.
1208 2391 1235 2411 c.
1248 2381 1300 2418 58,
1314 2384 1324 2398 ‘
1333 2391 1431 2420 quam
1441 2380 1551 2411 volent
1563 2390 1698 2420 magnas
1709 2380 1729 2416 ;'

952 2426 1018 2456 and
1055 2435 1082 2455 c.
1116 2425 1170 2461 62,
1198 2427 1314 2464 ‘quem
1349 2423 1436 2454 voles
1468 2424 1658 2454 eorum.'—‘
1667 2423 1730 2454 isto

954 2469 1023 2510 ipso
1035 2468 1054 2498 ι’
1083 2471 1092 2484 ‘
1103 2467 1190 2508 ipso'
1206 2477 1269 2497 om.
1285 2466 1326 2497 V.

999 2511 1176 2541 audierunt
1192 2533 1199 2540 .
1217 2533 1224 2541 .
1242 2533 1250 2540 .
1266 2509 1502 2550 interfuerunt]
1549 2509 1618 2539 The
1644 2520 1729 2540 com-

955 2565 1031 2585 mon
1046 2554 1182 2592 reading
1197 2553 1224 2583 is
1246 2553 1429 2583 ‘audierint
1446 2576 1454 2583 .
1471 2576 1479 2583 .
1495 2552 1730 2583 interfuerint!

957 2598 1077 2637 Zumpt
1089 2597 1168 2627 adds
1185 2600 1205 2613 “
1215 2597 1269 2627 sed
1282 2597 1350 2637 ejus
1360 2596 1560 2637 conjunctivi
1569 2606 1681 2626 vereor
1691 2597 1731 2626 ut

956 2641 1027 2680 quis
1042 2640 1203 2670 rationem
1217 2640 1352 2670 reddere
1366 2639 1478 2679 possit,
1488 2639 1588 2669 immo
1598 2639 1624 2668 si
1634 2649 1730 2669 verus

956 2686 1049 2719 esset,
1059 2683 1197 2713 oratoris
1207 2683 1246 2713 de
1256 2694 1294 2713 ea
1303 2693 1338 2713 re
1344 2682 1575 2713 certitudinem
1586 2681 1732 2712 minuere

956 2726 1156 2756 videretur.”
1188 2726 1265 2755 This
1281 2726 1389 2766 points
1404 2727 1439 2755 to
1455 2725 1512 2755 the
1527 2727 1602 2755 true
1618 2734 1732 2754 reason

957 2770 1006 2799 for
1023 2770 1079 2799 tl1c
1095 2769 1280 2799 indicative.
1326 2768 1439 2799 Cicero
1454 2778 1564 2798 means
1580 2770 1615 2798 to
1637 2767 1734 2797 make

956 2823 976 2842 a
998 2813 1201 2843 substantive
1224 2812 1430 2843 affirmation.
1476 2810 1508 2841 V
1523 2811 1581 2841 has
1604 2810 1734 2841 ‘mulie-

956 2856 1057 2886 runt.'
