1849 3167
535 128 662 171 AOT.
694 128 758 170 II.
790 127 980 170 LIBER
1009 127 1279 171 TERTIUS.
1630 132 1713 174 383

108 241 249 284 aditus
270 242 515 285 arbitratur.
563 243 752 285 Facilius
771 258 846 285 vos
867 242 1111 285 efficiebatis
1131 242 1360 285 ludibundi
1380 258 1488 298 quae
1508 244 1715 287 volebatis

107 324 132 349 a
153 309 302 358 Verre,
334 310 448 364 quod
477 310 613 351 multa
644 310 735 365 ejus
764 310 962 350 ludorum
993 324 1151 364 genera
1180 308 1354 350 noratis.
1419 309 1714 352 ‘Inculcatum

107 379 170 415 est
200 375 377 416 Metello
408 380 450 416 et
474 375 645 417 Volteio
675 381 717 416 te
747 380 932 416 aratores
963 374 1192 416 evertisse.’
1256 374 1361 420 Quis
1391 374 1499 415 istuc
1521 376 1714 430 Apronio

107 440 381 490 attribuebat,
416 456 547 496 quum
582 447 794 483 aratorem
833 440 1019 495 aliquem
1054 440 1302 482 everterat?
1343 445 1417 481 aut
1452 440 1715 482 Timarchidi

106 521 239 561 quum
269 507 321 548 ob
348 507 631 562 judicandum
666 511 739 548 aut
771 506 1085 547 decernendum
1118 510 1191 547 aut
1223 506 1523 560 imperandum
1552 506 1716 561 aliquid

107 577 181 613 aut
212 572 519 613 remittendum
553 571 779 627 pecuniam
813 571 1065 626 acceperat?
1106 576 1180 612 aut
1215 570 1361 612 Sextio
1401 570 1543 612 lictori
1583 587 1716 626 quum

106 637 294 692 aliquem
327 637 599 678 innocentem
633 637 771 678 securi
804 637 1103 691 percusserat?
1161 636 1324 678 Nemo:
1357 651 1503 678 omnes
1531 638 1646 678 enim
1676 637 1716 678 ei

105 707 208 744 tunc
241 703 532 744 attribuebant
567 718 694 758 quem
723 717 839 743 nunc
874 702 1149 743 condemnari
1183 702 1347 743 volunt.
1412 706 1421 723 ‘
1441 701 1716 744 Obtuderunt

106 784 228 810 aures
257 773 301 810 te
331 769 491 810 socium
517 768 725 823 praetoris
745 768 901 809 fuisse?
962 767 1096 809 Vides
1126 767 1206 808 1100
1237 783 1364 822 quam
1396 767 1558 808 clarum
1588 768 1643 809 sit
1674 773 1716 810 et

106 834 248 885 fuerit,
286 850 418 889 quum
459 834 589 875 etiam
629 833 920 874 Timarchides
959 833 1040 874 hoc
1080 838 1256 874 metuat.
1336 833 1604 875 Concedesne
1635 834 1716 876 hoc

107 900 270 941 crimen
291 901 337 940 in
357 904 401 940 te
421 914 499 940 nos
519 914 607 940 non
627 899 872 954 confingere
893 899 966 940 sed
982 898 1242 954 jampridem
1267 899 1321 939 ad
1341 898 1503 939 crimen
1528 899 1716 955 aliquam

106 964 397 1007 defensionem
417 964 620 1005 libertum
641 964 876 1018 quaerere?
935 964 1136 1005 Libertus
1158 969 1200 1004 et
1221 979 1419 1005 accensus
1440 969 1550 1014 tuus,
1573 972 1615 1006 et
1637 964 1717 1006 tibi

106 1045 155 1071 ac
185 1030 331 1071 liberis
361 1029 447 1071 tuis
468 1029 665 1070 omnibus
685 1029 731 1069 in
758 1030 884 1070 rebus
905 1030 996 1085 conj
1005 1034 1157 1070 unctus
1178 1044 1225 1070 ac
1246 1029 1478 1084 proximus,
1501 1031 1555 1071 ad
1576 1030 1714 1086 Apro-

105 1095 227 1136 nium
248 1095 408 1145 scribit,
426 1094 558 1149 vulgo
579 1110 667 1136 esse
689 1095 741 1135 ab
763 1095 959 1136 omnibus
980 1095 1041 1135 ita
1062 1095 1402 1135 demonstratum
1424 1095 1613 1144 Metello,
1637 1096 1717 1138 tibi

105 1160 348 1216 Apronium
387 1161 434 1201 in
475 1160 662 1201 decumis
695 1159 854 1201 socium
888 1159 1028 1201 fuisse.
1106 1159 1216 1200 ‘Fac
1253 1160 1359 1201 sciat
1398 1160 1717 1215 improbitatem

106 1231 346 1267 aratorum:
379 1226 462 1280 ipsi
483 1226 710 1274 sudabunt,
734 1225 769 1265 si
791 1225 852 1265 dii
872 1225 1046 1266 volent.'
1110 1224 1225 1271 Quid
1255 1225 1376 1274 istuc,
1408 1240 1484 1280 per
1514 1226 1612 1268 deos
1636 1228 1716 1268 im-

105 1292 318 1342 mortales,
342 1297 414 1333 aut
435 1307 519 1347 qua
540 1292 592 1332 de
613 1306 738 1332 causa
759 1291 995 1332 excitatum
1017 1305 1105 1332 esse
1126 1291 1318 1332 dicamus
1340 1291 1386 1331 in
1414 1296 1602 1333 aratores
1629 1298 1719 1334 tam

104 1357 308 1399 infestum
335 1357 480 1398 odium
510 1362 638 1412 atque
668 1357 874 1398 tantum?
906 1361 1112 1411 quantam
1141 1356 1346 1412 injuriam
1376 1356 1568 1398 fecerunt
1589 1355 1719 1399 Verri

105 1428 292 1466 aratores
311 1430 360 1464 ut
381 1438 449 1464 eos
471 1422 601 1464 etiam
620 1422 798 1465 libertus
819 1427 861 1463 et
892 1437 1090 1463 accensus
1112 1422 1202 1478 ejus
1232 1428 1322 1464 tam
1353 1422 1463 1464 irato
1494 1423 1637 1465 animo
1669 1439 1718 1465 ac

105 1488 242 1530 literis
262 1488 545 1543 insequatur?

161 1552 379 1596 LXVIII.
420 1553 572 1608 Neque
612 1568 692 1609 ego
724 1553 852 1609 hujus
887 1551 1064 1608 fugitivi
1099 1553 1232 1602 vobis,
1270 1552 1452 1608 judices,
1495 1553 1718 1609 epistolam

105 1619 362 1668 recitassem,
384 1618 469 1659 nisi
497 1623 546 1659 ut
577 1633 630 1659 ex
660 1633 709 1659 ea
738 1618 869 1659 totius
899 1618 1088 1659 familiae
1118 1623 1344 1673 praecepta
1374 1624 1416 1659 et
1446 1618 1645 1660 instituta
1675 1625 1718 1660 et

106 1684 377 1739 disciplinam
407 1683 728 1738 cognosceretis
790 1683 960 1725 Videtis
994 1690 1043 1723 ut
1082 1688 1255 1724 moneat
1285 1683 1529 1738 Apronium
1564 1684 1717 1739 quibus

106 1751 232 1792 rebus
253 1765 301 1791 ac
321 1749 570 1790 muneribus
592 1764 634 1790 se
655 1748 844 1790 insinuet
874 1749 920 1789 111
942 1748 1280 1789 familiaritatem
1302 1748 1481 1798 Metelli,
1497 1748 1715 1791 Volteium

106 1819 362 1869 corrumpat,
386 1813 544 1855 scribas
565 1828 872 1869 accensumque
898 1813 1037 1868 pretio
1058 1813 1268 1854 deleniat:
1302 1829 1350 1854 ea
1374 1814 1581 1869 praecipit
1608 1830 1716 1870 quae

105 1880 240 1930 vidit;
263 1894 311 1920 ea
332 1883 477 1920 monet
498 1878 686 1919 alienum
706 1878 923 1919 hominem
936 1893 1044 1933 quae
1061 1878 1175 1919 domi
1196 1878 1346 1919 didicit
1368 1878 1456 1932 11150
1473 1895 1480 1919 :
1504 1894 1652 1920 verum
1668 1880 1714 1920 in

106 1945 186 1987 hoc
208 1949 321 1986 errat
341 1959 426 1985 uno
448 1943 561 1998 quod
582 1943 801 1984 existimat
822 1943 989 1984 easdem
1010 1943 1101 1984 vias
1123 1943 1176 1983 ad
1189 1943 1380 1983 onmium
1401 1943 1715 1986 familiaritates

106 2026 194 2053 esse
215 2009 415 2051 munitas.
478 2008 748 2064 Quamquam
774 2008 926 2050 morito
955 2023 1048 2049 sum
1076 2008 1210 2049 iratus
1232 2007 1421 2058 Metello,
1445 2014 1589 2050 tamen
1610 2010 1714 2052 haec

106 2132 294 2174 experience
324 2132 359 2162 in
389 2131 446 2162 the
473 2130 651 2161 110050110111
681 2130 718 2161 of
743 2129 884 2160 Verres)
935 2130 1001 2161 But
1019 2130 1076 2160 the
1093 2133 1150 2161 ‘ut
1163 2130 1170 2142 ’
1187 2141 1287 2160 500015
1305 2132 1339 2160 to
1355 2130 1394 2161 be
1410 2141 1576 2172 necessary
1596 2132 1644 2162 sor
1658 2132 1715 2162 the

107 2176 266 2216 Compare
282 2186 310 2206 0.
327 2176 380 2212 68,
399 2179 406 2192 ‘
421 2185 534 2205 verum
560 2174 594 2203 in
623 2173 682 2203 hoc
708 2176 797 2204 errat
824 2184 888 2203 uno
933 2174 1106 2212 meaning-3
1130 2174 1194 2203 and
1219 2174 1234 2203 l
1260 2174 1301 2203 110
1325 2177 1381 2204 not
1406 2185 1457 2204 500
1488 2175 1544 2205 the
1572 2176 1659 2205 force
1682 2176 1720 2205 of

935 2217 1082 2257 Zumpt's
1099 2221 1187 2246 note.

977 2271 1011 2289 se
1037 2259 1194 2301 insitmel]
1243 2259 1325 2289 ‘Se’
1353 2259 1379 2289 15
1404 2260 1485 2290 from
1514 2260 1574 2300 Lg.
1601 2263 1642 2291 42
1660 2261 1713 2297 N;

929 2302 1056 2342 though
1075 2303 1167 2333 there
1184 2313 1238 2333 are
1255 2314 1404 2343 passages
1421 2304 1453 2333 in
1471 2304 1594 2340 Cicero,
1607 2305 1713 2335 which

930 2346 1049 2386 Zumpt
1067 2347 1167 2376 refers
1192 2349 1238 2381 to,
1264 2346 1370 2376 which
1398 2347 1485 2377 show
1512 2347 1585 2378 that
1616 2349 1713 2378 *insi-

929 2399 1030 2419 nuare
1041 2389 1050 2402 ’
1067 2389 1093 2419 is
1109 2389 1187 2419 115011
1203 2389 1394 2430 absolutely.

664 2431 760 2461 From
779 2431 819 2461 V.
931 2434 961 2463 3.

107 2220 216 2260 quod,'
234 2220 290 2250 &aa

155 2263 359 2293 Obluderunt
395 2259 509 2301 aures]
558 2263 566 2276 ‘
578 2259 790 2290 Obtuderunt
821 2259 888 2298 0105

106 2306 220 2336 aures'
246 2306 366 2345 Zumpt
391 2304 456 2334 and
482 2304 622 2339 Iordan;
650 2303 711 2333 hut
738 2303 764 2332 V
786 2303 884 2332 omits

108 2349 272 2389 ‘ejusf—‘
287 2349 427 2378 Videsne
463 2347 523 2377 hoc
540 2347 549 2359 '
588 2347 720 2386 Zumpt,
754 2346 884 2375 Iordan.

107 2396 117 2410 ‘
128 2392 227 2423 Vides
244 2393 304 2422 hoc
316 2392 324 2405 ’
349 2391 379 2421 V
396 2397 430 2430 φ.

155 2436 352 2466 concedesne
370 2457 376 2464 .
395 2457 402 2464 .
419 2431 616 2473 consitvlqere]

149 2479 179 2509 si
195 2478 243 2508 dli
259 2476 396 2517 volenl.]
439 2477 467 2506 V
485 2477 542 2506 11115
559 2480 566 2492 ‘
578 2476 602 2505 51
621 2475 761 2510 1101001,’
779 2474 885 2504 which

1441 2392 1500 2421 See
1529 2391 1613 2421 Phil.
1638 2402 1668 2421 v.
1685 2402 1714 2422 c.

974 2475 1047 2505 rias
1064 2498 1071 2505 .
1090 2475 1285 2515 ,nunnitus-‚l
1319 2475 1415 2507 ‘that
1441 2476 1498 2507 the
1515 2487 1602 2507 same
1620 2477 1714 2507 reads

106 2532 218 2552 means
233 2521 388 2561 probably
406 2524 414 2536 ‘
427 2519 453 2550 51
469 2519 501 2549 111
519 2518 656 2553 volunt)
667 2518 772 2547 which
788 2517 886 2548 Klotz

107 2565 172 2595 and
200 2564 321 2594 Iordan
344 2564 492 2594 101νο.-ί
506 2562 602 2600 Quod
625 2561 729 2592 istue'
755 2561 885 2601 Zumpt,

109 2607 240 2638 lordan.

150 2651 203 2681 68.
227 2649 292 2679 wisi
309 2651 343 2679 uf
359 2660 398 2679 ea·
413 2647 470 2689 ea]
504 2652 524 2665 “
537 2648 646 2686 Vulgo
663 2647 726 2676 nisi
744 2648 777 2676 ee!
794 2657 833 2677 ea·
849 2656 888 2676 ea

108 2694 205 2735 (Lag.
222 2695 274 2728 42,
293 2693 355 2722 nixi
373 2693 420 2722 nli
436 2703 474 2722 ea:
490 2691 544 2731 ea)
562 2691 648 2730 quod
665 2690 765 2719 miror
781 2689 888 2720 adhuc.

106 2737 284 2768 toleratum
307 2746 383 2765 0550.
430 2734 545 2774 Neque
572 2734 657 2763 enim
686 2735 816 2763 constat
838 2733 887 2763 vel

107 2779 271 2810 sententia
287 2779 337 2809 vel
351 2777 553 2808 constructio
563 2777 748 2813 verborum,
760 2776 820 2806 nisi
831 2779 890 2807 ant

106 2823 246 2854 recitavi
267 2822 410 2861 corrigas
435 2823 493 2851 aut
520 2823 556 2850 ut
582 2820 677 2850 tollas
688 2819 707 2832 '³
733 2819 889 2860 (Zumpt:

108 2866 181 2897 who
197 2865 295 2896 omits
311 2868 320 2882 ‘
331 2864 410 2905 ut').
435 2863 464 2894 V
475 2863 533 2894 1015
549 2863 599 2893 ‘nc'
616 2865 649 2893 ut
665 2873 823 2904 superser.
838 2863 890 2894 si!

931 2529 986 2549 are
1002 2518 1095 2549 made
1118 2521 1154 2549 to
1177 2519 1234 2549 the
1258 2519 1415 2560 intinmcy
1437 2521 1474 2549 of
1493 2520 1534 2550 all
1559 2521 1713 2560 persons?

932 2566 939 2579 ‘
953 2561 1099 2592 Munire’
1125 2562 1151 2592 is
1167 2573 1185 2592 a
1203 2562 1433 2602 read-making
1459 2563 1558 2598 word,
1575 2564 1639 2593 and
1656 2564 1713 2594 the

932 2615 1048 2645 proper
1072 2605 1160 2635 word
1184 2605 1234 2635 for
1258 2605 1324 2636 this
1348 2616 1496 2645 purpose,
1526 2617 1560 2636 as
1592 2607 1624 2636 in
1656 2607 1714 2637 the

932 2648 1124 2688 inscription
1142 2649 1248 2678 which
1265 2649 1394 2679 records
1411 2649 1468 2679 the
1489 2649 1714 2680 construction

933 2692 970 2721 of
999 2691 1055 2722 the
1091 2691 1237 2732 military
1262 2692 1341 2721 road
1374 2692 1518 2731 through
1544 2692 1600 2722 the
1624 2693 1713 2732 Alps.

932 2734 1073 2775 planned
1089 2735 1130 2775 by
1152 2735 1286 2770 1)1·1ι505,
1303 2734 1367 2765 0011
1394 2735 1487 2765 manle
1505 2735 1544 2775 b)-
1564 2735 1620 2765 the
1639 2735 1714 2765 Em-

934 2788 1028 2818 peror
1053 2778 1208 2808 Claudius
1232 2778 1282 2808 1115
1305 2788 1383 2807 50οε
1409 2778 1525 2808 “viam
1544 2778 1714 2808 Claudiam

934 2822 1120 2860 Augustam
1156 2831 1253 2861 quam
1295 2821 1419 2851 Drusus
1451 2824 1545 2861 pater
1578 2821 1716 2861 Alpibus

934 2864 1018 2895 bello
1033 2864 1208 2906 patefactis
1230 2864 1392 2895 derivavit
1416 2864 1559 2895 munit.''’
1605 2864 1715 2904 (Cin-d
