1849 3167
171 108 254 150 420
754 106 824 148 IN
855 105 900 147 O.
933 103 1189 147 VERREM

170 221 352 278 possitis,
389 220 601 276 pertinere
639 220 720 261 hoc
761 219 814 261 ad
854 219 1122 260 commodum
1162 215 1432 266 senatorium,
1467 216 1680 271 pertinere
1721 217 1775 258 ad

172 287 404 328 utilitatem
424 301 571 327 eorum
591 285 665 340 qui
690 284 898 340 judicent,
922 283 995 338 qui
1025 283 1071 323 in
1101 281 1332 336 provinciis
1353 296 1450 322 cum
1472 286 1680 335 potestate
1701 288 1775 322 aut

173 367 270 393 cum
300 351 514 408 legatione
546 366 589 392 se
613 350 778 391 futuros
809 348 1037 403 aliquando
1068 346 1342 388 arbitrentur.
1403 346 1647 388 Praeclaros
1677 361 1776 388 vero

173 417 391 458 existimas
426 416 590 472 judices
629 430 705 456 nos
744 414 912 462 habere,
955 427 1060 467 quos
1100 411 1250 453 alienis
1289 411 1472 465 peccatis
1511 426 1776 452 concessuros

173 487 295 537 putes
319 497 402 537 quo
426 481 593 522 facilius
618 480 720 535 ipsis
743 493 917 533 peccare
941 477 1079 518 liceat.
1142 477 1259 532 Ergo
1284 476 1329 517 id
1355 476 1548 517 volumus
1571 476 1777 531 populum

173 547 429 596 Romanum,
444 547 489 586 id
511 545 763 601 provincias,
784 542 870 599 [id]
889 543 1020 584 socios
1041 542 1318 596 nationesque
1339 545 1504 582 exteras
1517 541 1773 590 existimare,

174 612 211 654 si
241 617 452 654 senatores
471 611 677 666 judicent,
700 609 781 649 hoc
810 613 922 649 certe
947 623 1082 648 unum
1107 622 1241 662 genus
1265 605 1459 646 infinitae
1479 606 1680 660 pecuniae
1700 621 1776 661 per

175 692 384 717 summam
410 675 612 731 injuriam
637 674 851 729 cogendae
871 673 990 714 nullo
1010 673 1134 714 modo
1155 687 1275 727 posse
1305 671 1590 726 reprehendi?
1652 670 1777 717 Quod

175 742 211 783 si
230 742 291 783 ita
313 747 386 790 est,
403 741 505 796 quid
525 755 746 794 possumus
767 744 914 780 contra
935 738 1059 779 illum
1078 742 1317 793 praetorem
1338 736 1476 777 dicere
1492 736 1566 791 qui
1586 736 1775 791 quotidie

174 807 383 862 templum
404 810 533 855 tenet,
557 805 631 860 qui
651 820 742 845 rem
762 804 977 859 publicam
998 803 1144 844 sistere
1165 806 1296 857 negat
1316 817 1436 856 posse
1456 801 1540 842 nisi
1561 803 1614 842 ad
1629 817 1773 856 eques--

174 877 285 913 trem
315 872 506 912 ordinem
532 871 694 926 judicia
724 870 965 911 referantur
979 869 999 910 ?
1061 868 1185 914 Quod
1211 867 1246 908 si
1267 867 1339 908 ille
1360 867 1439 908 hoc
1459 882 1592 908 unum
1613 867 1776 922 agitare

175 937 370 992 coeperit,
404 952 492 978 esse
533 936 705 991 aliquod
746 950 879 990 genus
915 934 1128 989 cogendae
1160 933 1364 988 pecuniae
1395 938 1636 973 senatorum
1665 946 1774 972 com-

174 1017 303 1043 mune
323 1007 365 1043 et
390 1002 481 1057 jam
501 1017 632 1056 prope
653 1015 897 1042 concessum
918 999 1071 1048 ordini,
1095 1014 1177 1053 quo
1200 1013 1354 1053 genere
1375 998 1427 1038 ab
1448 997 1569 1038 sociis
1589 996 1776 1036 maxima

174 1067 354 1123 pecunia
374 1083 449 1122 per
470 1082 679 1108 summam
706 1065 910 1121 injuriam
931 1064 1160 1113 auferatur,
1182 1078 1319 1118 neque
1340 1063 1384 1103 id
1405 1062 1493 1103 ullo
1512 1062 1636 1102 modo
1657 1076 1774 1102 sena-

174 1133 295 1174 toriis
320 1133 494 1188 judiciis
524 1131 778 1186 reprehendi
806 1146 939 1185 posse,
961 1130 1090 1184 idque
1111 1130 1214 1170 dum
1235 1133 1428 1183 equester
1448 1128 1549 1168 ordo
1564 1126 1777 1182 judicaret

174 1213 396 1253 nunquam
431 1213 519 1239 esse
551 1197 833 1245 commissum,
871 1196 966 1251 quis
998 1195 1184 1244 obsistet,
1219 1194 1314 1249 quis
1355 1194 1436 1234 erit
1471 1198 1562 1233 tam
1600 1191 1777 1246 cupidus

175 1269 376 1311 vestrum,
410 1267 500 1304 tam
531 1262 672 1303 fautor
703 1261 876 1311 ordinis,
909 1261 984 1316 qui
1016 1261 1068 1302 de
1103 1259 1408 1301 transferendis
1437 1257 1610 1314 judiciis
1645 1256 1778 1312 possit

174 1343 366 1369 recusare
380 1328 400 1368 Ρ

232 1392 421 1433 XCVII.
444 1392 590 1446 Atque
605 1391 772 1433 utinam
792 1395 931 1447 posset
952 1390 1094 1446 aliqua
1116 1389 1280 1430 ratione
1300 1389 1379 1430 hoc
1401 1387 1562 1429 crimen
1583 1386 1777 1442 quamvis

175 1457 283 1499 falsa
320 1457 445 1498 modo
485 1457 673 1497 humana
713 1462 840 1511 atque
880 1455 1038 1496 usitata
1082 1454 1332 1495 defendere:
1385 1453 1549 1493 minore
1588 1451 1776 1506 periculo

174 1527 328 1572 vestro,
350 1523 514 1563 minore
533 1521 721 1577 periculo
741 1521 1057 1576 provinciarum
1078 1519 1269 1561 omnium
1284 1517 1545 1574 judicaretis.
1587 1517 1777 1571 Negaret

174 1589 255 1629 hac
285 1587 577 1629 aestimatione
608 1602 651 1628 se
680 1602 828 1637 usum;
862 1601 934 1627 vos
963 1585 1009 1625 id
1038 1584 1203 1626 homini
1233 1583 1472 1632 credidisse,
1501 1597 1588 1623 non
1618 1582 1778 1623 factum

175 1720 227 1756 V;
261 1719 369 1750 which
391 1719 529 1759 reading
548 1718 575 1749 is
599 1720 634 1748 at
663 1718 745 1748 least
776 1717 955 1748 consistent

175 1763 256 1793 with
279 1763 337 1793 the
362 1763 474 1792 future
504 1765 611 1792 tenses
634 1762 667 1791 in
691 1762 748 1791 the
780 1761 956 1801 preceding

176 1806 323 1845 chapter,
340 1806 448 1836 where
477 1806 596 1844 Zumpt
623 1805 774 1835 however
798 1804 856 1834 has
882 1804 955 1834 ‘de-

175 1849 280 1879 fendis
297 1872 304 1878 .
323 1872 330 1878 .
347 1849 426 1878 dieis
436 1848 457 1885 ς’
481 1848 545 1878 and
561 1848 638 1877 here
656 1852 664 1864 ‘
677 1848 757 1877 dicit
776 1871 782 1877 .
801 1870 808 1877 .
825 1847 928 1877 dicit?

219 1892 373 1932 templum
391 1891 504 1931 tenei,]
545 1891 613 1921 The
637 1891 774 1921 Praetor
790 1891 816 1920 is
832 1890 870 1920 L.
887 1891 954 1920 Au-

175 1935 274 1965 relius
290 1935 399 1970 Cotta,
416 1935 489 1964 who
505 1944 570 1964 was
585 1944 657 1964 now
674 1934 840 1973 agitating
855 1933 955 1963 about

174 1978 232 2008 the
256 1978 324 2008 Lex
355 1978 489 2007 Aurelia
511 1977 550 2007 de
574 1977 723 2013 Judiciis,
754 1977 860 2007 which
890 1987 955 2006 was

176 2021 313 2052 enacted
328 2021 362 2050 in
377 2021 444 2050 this
459 2031 536 2061 year
555 2020 640 2061 (Lib.
655 2021 684 2050 5.
699 2030 725 2050 c.
742 2020 809 2060 69).
856 2019 955 2050 Cotta

174 2075 239 2094 was
262 2064 349 2104 dail)v
372 2063 562 2103 addressing
583 2063 641 2094 the
663 2063 774 2103 people
790 2063 889 2093 about
905 2063 955 2092 his

174 2107 331 2146 proposed
362 2107 440 2143 Lex,
470 2107 580 2137 before
610 2106 667 2136 the
698 2106 827 2136 Rostra.
887 2106 955 2136 The

176 2150 346 2189 Templum
373 2160 483 2179 means
514 2159 533 2179 a
562 2149 652 2189 place
683 2149 800 2179 chosen
830 2149 873 2189 by
897 2149 955 2179 the

176 2193 319 2232 Augurs,
336 2193 385 2222 for
401 2193 458 2222 the
474 2192 680 2222 observation
695 2192 732 2222 of
750 2192 808 2222 the
828 2196 837 2208 ‘
849 2192 954 2231 auspi-

177 2235 244 2265 cia'
263 2235 371 2275 (Li‘T’
387 2235 408 2265 i.
425 2235 470 2275 4).
517 2235 629 2265 Cicero
654 2235 717 2275 (De
734 2235 843 2265 Divin.
860 2235 880 2264 i.
897 2235 953 2275 20)

176 2280 289 2318 quotes
305 2288 323 2308 a
338 2278 403 2308 line
418 2278 502 2308 from
518 2278 644 2308 Ennius
657 2290 709 2307 :—

243 2340 264 2353 “
277 2336 480 2376 Quamquam
496 2337 602 2366 multa
616 2346 732 2366 manus
747 2336 788 2366 ad
803 2336 883 2367 caeli

328 2380 455 2409 caerula
471 2379 594 2418 templa

285 2422 470 2452 Tendebam
484 2421 691 2452 lacrimans?

221 2489 329 2529 Every
351 2489 570 2528 inaugurated
599 2489 689 2528 place
719 2499 783 2518 was
813 2498 832 2518 a
862 2488 955 2517 Tem-

176 2533 286 2573 plum3
311 2542 344 2562 as
359 2532 417 2562 the
433 2531 552 2561 Rostra
577 2531 610 2561 in
634 2531 701 2561 this
724 2541 868 2570 passage,
892 2531 957 2560 and

177 2576 211 2606 in
228 2576 285 2606 the
296 2575 422 2605 oration
440 2574 480 2604 In
497 2574 608 2604 Vatin.
626 2584 652 2604 c.
670 2575 722 2609 10,
740 2574 804 2603 “in
818 2573 954 2609 Rostris,

177 2619 211 2648 in
228 2619 282 2649 1110
297 2619 429 2658 inquam
446 2618 643 2657 inaugmnato
663 2617 784 2656 templo
801 2627 837 2646 ac
852 2616 955 2646 loco.”

178 2662 246 2691 The
263 2662 352 2691 word
368 2661 538 2700 Templum
554 2661 580 2690 is
596 2660 765 2700 explained
779 2659 822 2699 by
839 2659 954 2695 Varro,

178 2704 227 2734 De
244 2704 282 2734 L.
299 2704 336 2733 L.
354 2704 408 2733 vii.
424 2703 528 2735 7—9:
553 2707 574 2720 “
586 2713 713 2743 quaqua
728 2703 869 2732 intuitus
884 2705 955 2732 erat

178 2747 273 2777 oculi.
290 2758 307 2776 a
324 2747 446 2777 tuendo
471 2747 611 2786 primum
636 2745 795 2785 templum
818 2745 955 2775 dictum.

179 2790 336 2826 Quocirca
349 2790 472 2819 caelum
486 2800 548 2829 qua
561 2789 723 2820 attuimur
736 2788 860 2818 dictum
873 2790 955 2818 tem-

177 2832 403 2873 plum.-—Ejus
417 2833 529 2873 templi
547 2836 655 2873 partes
671 2834 828 2873 quattuor
844 2832 955 2862 dicun-

998 1719 1066 1753 tur,
1090 1716 1221 1746 sinistra
1244 1715 1284 1746 ab
1307 1714 1442 1751 oriente,
1467 1714 1582 1745 dextra
1597 1714 1638 1745 ab
1653 1724 1778 1751 occasu,

1000 1760 1109 1790 antica
1125 1760 1167 1790 ad
1182 1759 1361 1795 meridiem,
1388 1759 1513 1798 postica
1529 1758 1570 1788 ad
1585 1758 1778 1797 septentrio-

999 1803 1107 1833 nem.”
1146 1803 1223 1832 This
1240 1802 1360 1842 applies
1375 1804 1410 1831 to
1426 1802 1484 1832 the
1496 1801 1659 1831 aetherea]
1676 1804 1685 1817 ‘
1695 1804 1778 1831 tem·

997 1846 1110 1886 plum?
1165 1845 1218 1876 He
1241 1856 1312 1885 says
1328 1845 1478 1874 further:
1503 1844 1569 1874 “in
1591 1844 1689 1874 terris
1712 1844 1778 1874 dic-

998 1892 1071 1920 tum
1096 1889 1256 1928 templum
1279 1888 1368 1918 locus
1392 1887 1522 1927 augurii
1552 1889 1610 1917 aut
1643 1887 1778 1927 auspicii

1001 1943 1097 1962 causa
1113 1932 1306 1972 quibusdam
1323 1931 1487 1970 conceptis
1509 1930 1616 1960 verbis
1631 1930 1778 1960 finitus.”

1001 1976 1059 2006 See
1089 1976 1146 2006 the
1176 1974 1322 2005 remarks
1359 1984 1401 2004 on
1437 1973 1600 2013 Auspicia,
1642 1973 1779 2009 Becker,

1000 2018 1188 2048 Handbuch
1215 2018 1272 2048 der
1300 2017 1394 2047 Ro'm.
1421 2017 1659 2052 Alterthiimer,
1686 2016 1719 2046 ii.
1747 2017 1778 2052 3,

998 2072 1030 2102 p.
1046 2062 1098 2092 68.

1042 2103 1173 2144 sistere]
1220 2103 1391 2134 Manutius
1406 2102 1513 2133 would
1527 2103 1635 2143 prefer
1652 2101 1779 2132 ‘stare'

999 2148 1033 2177 N
1049 2148 1110 2187 Lg.
1128 2149 1169 2177 42
1184 2147 1266 2177 have
1292 2146 1484 2176 ‘subsistere
1493 2146 1514 2182 3’
1537 2146 1598 2176 but
1623 2149 1632 2162 ‘
1643 2146 1757 2175 sistere
1769 2145 1779 2157 '

999 2191 1026 2220 is
1041 2190 1120 2221 used
1136 2190 1319 2220 sometimes
1335 2189 1369 2219 in
1385 2199 1427 2219 an
1441 2189 1650 2218 intransitive
1677 2198 1777 2218 sense.

1000 2234 1067 2264 The
1093 2233 1265 2272 metaphor
1287 2242 1388 2262 seems
1414 2234 1449 2261 to
1472 2231 1512 2261 be
1536 2231 1637 2261 taken
1658 2231 1742 2261 from
1760 2242 1778 2260 a

999 2277 1098 2315 thing
1121 2275 1227 2305 which
1243 2275 1269 2304 is
1284 2275 1410 2313 falling,
1435 2274 1499 2303 and
1523 2274 1566 2304 its
1593 2274 1779 2304 downward

1000 2329 1111 2349 course
1127 2320 1245 2348 cannot
1260 2317 1300 2347 be
1315 2317 1461 2356 stopped.

1034 2360 1231 2402 judiearet]
1280 2359 1459 2390 ‘iudicauit
1489 2359 1530 2396 V,
1561 2362 1600 2390 ut
1631 2360 1779 2390 Brunnio

999 2404 1141 2438 videtur,
1166 2403 1262 2442 idque
1289 2403 1429 2442 optime'
1457 2402 1604 2443 (Iordan)
1616 2415 1626 2439 ς
1653 2403 1714 2433 but
1737 2403 1778 2433 he

999 2446 1122 2476 retains
1138 2445 1318 2486 ‘judicaret
1330 2445 1339 2458 ³
1356 2446 1389 2475 in
1404 2446 1454 2475 his
1470 2448 1552 2476 text.

1043 2489 1095 2520 97.
1120 2488 1281 2529 Neyaret]
1322 2488 1399 2518 This
1415 2499 1523 2519 means
1540 2488 1591 2518 ‘if
1607 2489 1649 2519 he
1664 2488 1778 2527 should

1001 2532 1107 2572 deny?
1168 2531 1346 2561 Lambinus
1373 2532 1581 2572 conjectured
1606 2531 1682 2562 that
1714 2531 1778 2561 ‘si'

1000 2575 1115 2605 should
1130 2575 1169 2604 bc
1193 2575 1336 2614 prefixed
1360 2577 1396 2605 to
1421 2575 1598 2615 ‘negaret,'
1622 2574 1729 2604 which
1751 2574 1779 2604 is

999 2628 1224 2657 unnecessary.
1285 2618 1385 2647 Orelli
1421 2617 1617 2657 incorrectly
1646 2619 1723 2657 puts
1760 2628 1779 2647 a

999 2663 1076 2690 note
1092 2661 1128 2690 of
1145 2661 1383 2700 interrogation
1402 2661 1487 2691 after
1511 2660 1646 2696 ‘usum,'
1671 2660 1778 2690 which

1000 2703 1095 2743 spoils
1112 2704 1168 2734 the
1188 2704 1313 2743 phrase.
1360 2704 1418 2733 See
1435 2704 1507 2733 Lib.
1527 2705 1557 2734 3.
1583 2713 1610 2733 0.
1638 2704 1668 2739 2,
1689 2705 1777 2733 note.

1001 2746 1120 2785 Zumpt
1136 2748 1235 2777 refers
1251 2749 1286 2776 to
1303 2746 1374 2777 Lib.
1392 2747 1421 2777 5.
1439 2757 1465 2776 e.
1482 2747 1534 2776 65.

1043 2800 1098 2819 ros
1125 2790 1159 2819 id
1183 2790 1305 2819 homini
1330 2789 1403 2831 ⁸5⁴⁰]
1465 2789 1542 2818 This
1565 2789 1592 2818 is
1614 2788 1671 2818 the
1704 2789 1777 2818 text

999 2832 1036 2862 of
1042 2833 1172 2872 Zumpt,
1186 2833 1250 2863 and
1262 2832 1298 2863 of
1304 2832 1395 2863 codd.
1408 2832 1562 2873 plerique,
1575 2834 1689 2871 except
1702 2831 1777 2861 that
